3700 4884
2756 181 2800 214 l

430 293 1080 450 EeISTOLAE
1132 241 1312 419 Αἰ)
1366 322 1801 438 JOACH.
1835 326 2533 431 HOPPERUM
2584 355 2757 452 425

355 520 660 603 feliciter
712 517 1058 610 succeffit,
1077 517 1334 614 'quod
1365 536 1534 594 tunc
1593 521 2053 604 moliebamur
2072 575 2093 609 ‚
2144 545 2607 624 receptusque
2656 527 2778 600 est.

352 623 533 694 intra
562 621 740 694 ‘eam
769 617 1013 702 urbem
1051 613 1532 715 Noircarmius
1563 638 1722 689 cum
1773 615 2135 714 praefidiO,
2236 647 2363 697 ene
2422 623 2765 706 celerius,

353 715 564 812 quam
590 709 1014 789 L'eodienses
1036 713 1420 808 optabant,
1459 711 1582 808 qui
1600 763 1626 799 ‚
1673 731 1753 785 ut
1775 715 1995 797 nosti,
2022 714 2163 810 jam
2216 719 2433 791 udum
2464 740 2755 814 operam

351 817 524 887 dant
542 862 568 902 ,
617 833 696 884 ut
729 807 1232 906 praeveniendo
1269 810 1674 902 adaugeant.
1765 807 2058 882 'Deinde
2091 834 2251 884 cum
2290 811 2763 910 Antverpien-

350 907 542 982 sibus
595 928 692 979 eo·
731 930 840 980 res
897 901 1202 978 deducta
1251 905 1396 990 est,
1465 924 1548 977 ut
1611 904 1726 979 die
1770 926 1973 978 xxvi.
2037 905 2287 1003 hujus,
2354 931 2517 983 cum
2596 931 2754 983 xvt.

347 1005 630 1080 vexillis
671 997 1146 1075 Mansfeldius
1213 1001 1292 1071 in
1349 999 1590 1072 urbem
1631 1021 1957 1098 receptus
2004 999 2087 1074 fit
2109 1057 2131 1088 ,
2182 1027 2391 1100 quem
2440 1002 2763 1078 hesterna

350 1099 465 1172 die
509 1095 812 1172 Duciss'a-
857 1119 1019 1169 cum
1074 1095 1422 1170 comitatu
1489 1095 1591 1168 sat
1655 1096 2025 1192 magnifico
2086 1095 2375 1194 sequuta
2408 1151 2432 1187 ,
2479 1098 2759 1176 restabi-

287 1223 296 1234 ·
343 1198 606 1270 Hendae
635 1194 738 1266 ibi
789 1191 1230 1267 authoritatis
1270 1189 1376 1263 Re
1427 1191 1516 1264 iae
1559 1193 1834 1266 initium
1880 1191 2068 1268 fecit.
2162 1193 2331 1270 Hoc
2382 1218 2470 1270 ue
2522 1217 2759 1292 exem-
2850 1191 2861 1198 '

343 1293 549 1388 plum
605 1288 861 1365 secuti.
893 1283 1348 1362 Buscoducen
1381 1309 1456 1359 es
1488 1335 1512 1374 ,
1583 1289 1660 1363 δι
1719 1287 1845 1384 ipfi
1908 1291 2194 1364 militem
2248 1291 2323 1366 su
2353 1295 2630 1388 cipere,
2680 1291 2759 1366 δε

345 1391 692 1484 imperata
724 1383 954 1458 facere
995 1379 1350 1470 offerunt,
1399 1401 1806 1480 tantumque
1858 1383 2060 1460 nobis
2104 1385 2307 1462 restat
2353 1409 2758 1484 expugnane

351 1485 448 1558 da
489 1482 721 1579 hydra
755 1482 874 1554 illa
936 1477 1236 1555 Lernaea
1251 1529 1290 1565 ,,
1341 1501 1500 1574 quae
1566 1482 1760 1575 apud
1826 1476 2132 1556 Vianam
2181 1503 2394 1578 caput
2442 1483 2754 1570 exeruit,

346 1577 788 1654 Brederodio
839 1572 1674 1672 interea‘Amsterodami·
1715 1596 2063 1662 manente.
2164 1579 2303 1652 Sed
2357 1583 2500 1676 jam
2550 1580 2757 1653 intel-

345 1673 642 1749 leximus
674 1729 697 1765 ‚
748 1673 1126 1748 colluviem
1171 1695 1324 1748 eam
1372 1675 1606 1746 locum
1655 1671 1939 1749 mutass'e
1960 1726 1981 1763 ,
2032 1697 2115 1748 ac
2161 1671 2756 1750 Amsterodamum

351 1767 628 1862 abiiffe,
675 1793 759 1846 ea
804 1766 922 1866 spe
971 1789 1052 1844 ut
1107 1767 1579 1843 Brederodius
1629 1792 1748 1843 eos
1789 1769 1995 1845 isthic
2021 1769 2238 1870 recipi
2269 1791 2490 1845 curet.
2588 1769 2755 1842 Nos

352 1886 624 1957 autem,
675 1863 934 1940 etiamsi
982 1865 1184 1938 isthic
1221 1867 1422 1938 multi
1455 1863 1753 1940 seditiofi
1809 1870 1999 1940 cives
2040 1864 2212 1955 lint,
2264 1869 2547 1942 meliora
2605 1865 2755 1961 spe-

353 1984 584 2035 ramus
615 2015 636 2050 ,
705 1965 778 2036 in
859 1959 1306 2057 Magistratus
1372 1961 1770 2056 integritate
1819 1961 2153 2037 fiduciam
2206 1963 2557 2036 habentes.
2658 1961 2757 2032 Et

356 2079 524 2130 curn
564 2061 708 2153 Jam
760 2057 966 2132 rebus
1016 2056 1137 2130 hic
1230 2053 1560 2129 acificatis
1611 2059 1973 2131 liberiores
2026 2080 2269 2131 manus
2326 2060 2699 2132 habeamus
2727 2109 2753 2142 ,

353 2152 848 2228 Noircarmius
897 2175 1060 2225 cum
1087 2153 1153 2222 h·
1191 2174 1272 2226 ce
1323 2153 1591 2245 copiis,
1639 2177 1802 2246 quae
1870 2153 2075 2226 nobis
2122 2149 2376 2244 restant
2394 2202 2419 2238 ,
2486 2151 2757 2224 Comiti

351 2250 678 2344 Megano
713 2245 850 2340 sese
877 2247 1344 2342 conjungere,
1395 2269 1478 2320 ac
1529 2248 1816 2342 impiam
1876 2245 2418 2342 sceleratamque
2478 2243 2758 2320 seditio-

355 2342 592 2416 sorum
628 2343 900 2417 turbam
919 2341 1254 2446 prosequi·
1285 2339 1679 2428 constituit,
1703 2344 2106 2439 priusquam
2139 2341 2707 2438 opulentiffimam
2729 2397 2755 2432 ‚
2847 2419 2855 2427 ,

355 2438 481 2512 sed
545 2439 890 2514 imbellem
949 2433 1390 2520 Provinciam
1459 2440 1846 2536 expoliem,
1900 2463 1983 2513 ac
2038 2437 2209 2513 belii
2258 2461 2545 2515 nervum
2606 2441 2757 2512 illic

357 2537 818 2704 conequiranc·
896 2531 1162 2620 Verum
1214 2536 1349 2607 alia
1381 2531 1586 2606 nobis
1631 2533 1940 2610 succedit
1967 2531 2405 2621 sollicitud0,
2452 2537 2757 2632 primum

354 2633 478 2729 qui
531 2655 639 2705 em
664 2683 688 2719 ,
737 2657 825 2706 ne
876 2630 1220 2726 stipendia
1273 2627 1494 2722 desint
1517 2631 1893 2718 militibus,
1941 2654 2121 2728 quos
2179 2631 2383 2706 rebus
2440 2631 2760 2704 nondum

355 2729 692 2802 ordinatis
724 2727 1068 2824 dimittere
1102 2749 1246 2801 non
1289 2723 1702 2820 poss'umus..
1764 2725 2098 2803 Ordinari
2151 2749 2385 2806 autem
2438 2725 2762 2803 difficilli-

338 2839 470 2900 ³me
519 2843 853 2920 poterunt
886 2873 908 2909 ,
979 2821 1106 2898 nifi
1157 2823 1358 2916 Rege
1421 2821 1803 2917 praesente3
1874 2845 2035 2898 cum
2081 2847 2319 2900 verear
2365 2845 2453 2896 ne
2498 2823 2757 2916 Albani
2818 2875 2823 2882 -

355 2921 561 2996 ducis
621 2924 1002 2996 authoritas
1051 2923 1122 2996 in
1187 2921 1328 2997 hoc
1379 2917 1704 3004 sufficiat,
1770 2942 1852 2994 ac
1908 2923 2006 3005 is,
2074 2919 2125 2993 fi
2193 2918 2337 2993 fine
2398 2917 2767 3012 Maiestate
2860 2977 2867 2982 .

357 3015 476 3092 sua
524 3015 924 3100 advenerit,
995 3039 1204 3091 novae
1284 3013 1488 3088 nobis
1541 3013 2085 3110 conspirationes
2142 3016 2537 3090 metuendae
2606 3014 2763 3088 lint.

359 3115 653 3208 Jamque
691 3116 764 3188 in
794 3113 935 3186 hoc
980 3112 1301 3186 nonnulli
1348 3108 1626 3186 consilia
1679 3110 2005 3186 conferre
2040 3113 2370 3186 dicuntur
2411 3129 2763 3206 praetextu

357 3207 768 3306 plausibili,
801 3232 882 3283 ut
911 3231 1228 3284 exterum
1267 3209 1554 3280 militem
1588 3203 1628 3276 a
1671 3207 2065 3282 cervicibus
2096 3208 2343 3280 nostris
2391 3229 2713 3283 avertant
2734 3233 2758 3280 t

338 3301 654 3404 verum,
703 3324 784 3376 ut
834 3323 1032 3379 antea
1068 3329 1176 3378 me
1217 3301 1544 3399 scripsiss'e
1577 3303 1892 3387 memini,
1942 3307 2047 3379 uti
2077 3301 2443 3404 superfluis
2494 3327 2756 3402 expen-

353 3400 442 3476 fis
475 3406 775 3498 parcere
804 3402 976 3472 mihi
1006 3399 1326 3496 Majestas
1379 3398 1496 3472 sua
1532 3397 1726 3494 poffe
1761 3402 2088 3486 videtur,
2140 3405 2237 3476 ita
2270 3403 2601 3476 inermem
2634 3423 2757 3474 ve·

354 3499 506 3576 nire
561 3495 1032 3604 suadere‘non
1100 3491 1332 3590 ausim.
1431 3495 1707 3588 Multus
1752 3499 1939 3569 enim
1992 3501 2175 3592 ignis
2220 3496 2347 3572 sub
2412 3495 2765 3572 cineribus

355 3597 573 3680 latet,
643 3593 725 3668 δε.
777 3594 1102 3667 immicus
1145 3591 1630 3667 reconciliatus
1691 3597 2101 3683 metuendus
2160 3595 2302 3681 est3
2356 3593 2431 3668 &
2479 3614 2757 3666 errores

358 3689 446 3764 de
485 3685 868 3786 Religione
899 3691 1230 3786 concepti
1281 3689 1380 3760 ita
1431 3687 1566 3759 alte
1615 3683 1858 3763 multis*
1910 3683 2181 3780 animis„
2215 3685 2512 3782 impressi
2559 3684 2757 3776 sunt,

359 3797 441 3860 ut'
469 3779 576 3860 'ad
615 3807 756 3860 tem
809 3809 890 3858 us
924 3785 1208 3883 quidem
1236 3779 1574 3878 supprimi
1594 3811 1636 3872 ,·
1671 3782 1823 3859 tolli
1866 3786 2095 3860 autem
2135 3783 2423 3857 omnino
2476 3806 2621 3856 non
2652 3781 2755 3857 fa-

361 3883 492 3956 cile
530 3879 725 3978 poffe
785 3904 1043 3977 perem.
1141 3881 1242 3955 Et
1273 3882 1392 3956 hic
1434 3881 1594 3954 sane
1630 3904 1858 3954 rerum
1900 3877 2239 3956 successus
2274 3875 2541 3975 Regem
2592 3902 2755 3976 per-

365 3997 646 4053 movere
677 3978 990 4064 deberet,
1028 3989 1118 4052 'ut
1165 3980 1580 4074 quantocius
1637 3979 1778 4050 huc
1835 3995 2270 4064 accurreret3
2318 3978 2569 4051 etenim
2626 3980 2761 4048 ‘am

345 4069 696 4150 -Zelandia
743 4077 838 4146 in.
866 4083 1026 4150 tu't‘o
1082 4072 1311 4171 posita
1373 4075 1472 4149 est
1511 4123 1534 4162 ,
1582 4071 1684 4151 ,δι
1746 4072 1893 4146 aliis
1950 4096 2239 4169 quoque
2296 4096 2381 4149 ex
2437 4074 2622 4168 parti
2671 4093 2756 4144 trs

345 4167 716 4270 Majestati
759 4169 892 4249 suae
963 4171 1238 4272 securus
1286 4191 1482 4269 patet
1533 4165 1832 4342 affictis?
1856 4223 1881 4259 ,
1930 4170 2007 4248 &
2058 4172 2194 4276 ‘qui
2234 4169 2519 4248 Albano
2560 4163 2763 4243 forfi-

351 4307 358 4314 .
1844 4285 1887 4360 3
2640 4278 2765 4333 tan
