3700 4884
899 346 1072 449 688
1127 292 1598 445 VIGLn
1659 360 1792 433 Aa
1850 330 2161 434 AYT
2190 330 2399 429 TA
2456 328 3029 475 zui-lem:
3068 336 3280 434 Ml·

1070 515 2255 648 .EPISTOLA'„
2372 548 3011 645 chx1.

907 784 1208 877 Omnia
1229 778 1492 897 Belga
1519 782 1812 899 oppida
1825 776 2401 893 periclitantur
2424 778 2517 867 ob
2532 808 2621 867 x.
2643 780 2949 891 denarii
2976 782 3243 886 odium
3255 840 3287 885 ,

1013 894 1130 991 ἐξ
1223 896 1380 983 aad
1393 894 1746 1011 populus
1785 892 2047 979 inedia
2074 913 2519 1005 prematur.
2648 890 2905 1008 Optat
2940 891 3253 1009 Regem
3274 954 3307 999 ,

1019 1038 1148 1097 me
1183 1016 1348 1095 iora
1401 1004 1712 1115 constlt‘a
1745 1005 2217 1119 sequentem
2260 1066 2288 1109 ,
2377 1004 2845 1121 Deputatos
2926 1004 3300 1095 Statuam

1017 1140 1410 1211 contentos
1444 1118 1955 1233 remiffurum
1974 1178 2003 1221 ‚
2064 1114 2545 1234 Ducemque
2585 1113 3135 1230 Medinenfi’m
3178 1122 3323 1208 ab

995 1235 1398 1349 futurum
1436 1260 1613 1317 cum
1651 1260 1738 1317 x.
1781 1233 2095 1317 denarii
2132 1230 2568 1321 abolitione.
2686 1230 2837 1321 De
2884 1240 3307 1325 amortiza-

1012 1358 1236 1461 ‚tione
1267 1342 1867 1462 Hcgspitalissui
1894 1352 2211 1460 gratias
2246 1352 2439 1462 agit.
2854 1355 2863 1361 ’
3203 1381 3213 1387 ·

1075 1600 1164 1673 L.
1205 1598 1296 1671 D.
1351 1598 1669 1671 Horra
1695 1618 1739 1669 n
1762 1617 1826 1670 ε.
1882 1594 2143 1671 Cursor
2196 1592 2243 1669 a
2282 1596 2491 1672 vobis
2540 1620 2659 1673 xx.
2714 1596 2888 1671 Maii
2928 1595 3299 1695 expeditus

1093 1698 1236 1770 huc
1267 1694 1557 1769 Calend.
1594 1694 1782 1787 Junii
1811 1693 2120 1768 advenit.
2222 1690 2303 1765 Si
2336 1694 2630 1791 Regiam
2673 1694 3111 1789 Majestatem
3152 1718 3301 1791 gra·

841 1858 846 1863 ,
911 1796 1094 1868 viter
1123 1790 1457 1876 affecere,
1511 1814 1671 1885 quae
1701 1788 1822 1863 hic
1859 1787 2179 1863 accidisse
2216 1790 2651 1865 intellexerat
2672 1846 2693 1881 ‚
2736 1812 2986 1865 vereor
3016 1813 3109 1863 ne
3142 1794 3310 1865 mul-

909 1908 990 1961 to
1025 1890 1245 1985 magis
1289 1910 1440 1962 eam·
1475 1888 1977 1961 conturbatura
2012 1884 2181 1971 fint,
2222 1908 2382 1983 quae
2402 1888 2640 1983 postea
2680 1885 3037 1961 subsecuta
3064 1882 3255 1962 fuere
3278 1938 3307 1979 ,

913 1986 1105 2061 circa
1158 1984 1695 2080 occupationem
1747 1980 2303 2057 Valencenarum
2332 2034 2357 2071 ,
2407 1982 2822 2079 Montisque
2868 1982 3321 2069 Hannoniae,.

916 2104 1320 2179 quanquam
1359 2082 1496 2155 iilae
1557 2102 1803 2177 magna
1840 2082 2223 2153 incolarum
2259 2079 2459 2153 clade
2502 2098 2935 2175 recuperatae
2968 2076 3135 2168 sint,
3184 2100 3315 2155 nec

913 2182 1140 2253 ullum
1187 2175 1376 2275 quasi
1422 2175 1762 2273 oppidum
1812 2176 1947 2261 est,
2002 2176 2194 2273 quod
2230 2176 2319 2247 ab
2360 2177 2723 2273 popularis
2754 2178 3089 2249 tumultus
3122 2192 3306 2249 metu

915 2276 1226 2351 immune
1258 2271 1340 2347 fit
1361 2328 1381 2362 ,
1431 2294 1624 2348 tanta
1651 2271 1746 2345 est
1780 2272 1974 2371 apud
2030 2276 2283 2367 vulgus
2328 2271 2580 2347 decimi
2614 2272 2881 2346 denarii
2916 2274 3306 2358 execratio,

971 2370 1120 2445 uod
1167 2369 1396 2445 inedia
1445 2368 1785 2465 premitur
1807 2418 1830 2453 ,
1878 2365 2037 2441 cum
2073 2370 2298 2441 omnis
2334 2390 2419 2442 ne
2470 2366 2717 2442 otiatio
2752 2369 3121 2465 omniaque
3162 2391 3209 2442 o
3260 2369 3311 2440 i-

919 2396 1084 2541 scicia
1115 2464 1389 2541 ceffent.
1493 2462 1975 2559 Quamobrem
2016 2462 2369 2559 speramus
2489 2484 2669 2537 auu
2722 2466 3011 2538 meliora
3041 2390 3321 2541 confiplia

921 2560 1111 2657 Regi
1153 2563 1386 2638 nostro
1441 2559 1970 2654 inspiratarum,
2020 2580 2103 2633 ut
2158 2559 2484 2635 Statuum
2514 2562 2824 2655 legatos,
2890 2562 2993 2635 uti
3035 2559 3317 2645 scribis,

923 2656 1468 2733 contentiffimos
1525 2656 1853 2731 remittat.
1952 2656 2149 2730 Idem
2196 2676 2426 2730 autem
2480 2655 2653 2729 faxit
2692 2708 2715 2741 ‚
2778 2677 2857 2731 ut
2911 2654 3325 2749 Medinensis

927 2756 1216 2829 tandem
1257 2752 1622 2838 adveniat,
1673 2752 2141 2849 nunciumque
2188 2750 2647 2827 desideratum
2678 2751 2763 2825 de
2803 2752 3185 2828 remissione
3212 2753 3331 2827 de·

931 2850 1097 2926 cimi
1138 2848 1400 2924 denarii
1465 2847 1668 2921 nobis
1721 2846 1991 2943 adferat
2026 2902 2050 2937 ,
2115 2846 2259 2921 fine
2314 2852 2510 2944 cujus
2569 2849 2958 2923 abolitione
3016 2850 3323 2947 populus

935 2968 1295 3041 nunquam
1334 2942 1802 3040 quietabitur,
1853 2948 1987 3019 ne'c
2016 2946 2181 3042 plus
2214 2940 2513 3020 efficient
2556 2948 2681 3043 qui
2730 2968 2887 3018 eum
2925 2945 3331 3040 persuadere

933 3066 1286 3143 pergunt,
1333 3038 1542 3136 quam
1601 3062 1682 3114 ut
1747 3038 2018 3137 Regem
2060 3044 2131 3113 in
2165 3044 2382 3137 maJ'us
2418 3040 2657 3114 odium
2693 3040 3081 3138 adducant,
3132 3065 3217 3117 ac
3244 3042 3325 3117 li-

936 3160 1080 3237 gna
1127 3139 1398 3215 ardenti
1455 3134 1624 3210 foco
1677 3136 1954 3209 addant.
2060 3136 2369 3231 Quidam
2422 3156 2777 3211 tentavere
2828 3135 3331 3234 suspensionem
3384 3219 3403 3237 ⁸

939 3234 1389 3337 persuadere,
1441 3230 1554 3305 sed
1595 3228 1690 3306 ita
1723 3236 2033 3315 omnium
2066 3232 2446 3306 exulcerati
2486 3231 2639 3307 sunt
2674 3234 2923 3321 animi,
2974 3256 3093 3327 ut,
3194 3236 3338 3311 uod

941 3328 1605 3405 antealubentiffime
1627 3326 2092 3425 acceptass‘ent
2117 3380 2138 3413 ,
2172 3351 2358 3401 nunc
2394 3328 2605 3423 plane
2636 3330 3076 3405 abhorreant.
3249 3350 3333 3404 us

937 3424 1198 3523 Remp.
1256 3426 1555 3498 nostram
1577 3474 1598 3509 ,
1651 3446 1808 3519 quae
1867 3445 2018 3498 tota
2078 3428 2151 3499 in
2202 3426 2469 3499 ruinam
2511 3424 2795 3507 tendere
2842 3426 3163 3515 videtur,
3210 3426 3337 3501 suo

941 3526 1226 3598 numine
1267 3518 1616 3595 suffulcire
1645 3522 1995 3617 dignetur.
2748 3552 2757 3561 ·
3408 3528 3425 3545 ·

1039 3618 1514 3692 Denneterius
1574 3615 1747 3687 mihi
1806 3615 2222 3713 significavit
2280 3634 2685 3711 promptum
2736 3618 3045 3694 officium
3092 3618 3186 3692 D.
3232 3614 3337 3691 V.

996 3714 1321 3791 raestitum
1359 3716 1432 3786 in
1473 3715 1904 3807 impetranda
1936 3716 2456 3787 amortizatione
2488 3710 2849 3809 hospitalis
2884 3718 3058 3801 mei,
3088 3716 3181 3790 de
3197 3737 3343 3811 quo

937 3738 1126 3905 Regi
1155 3810 1505 3906 imprimis,⁴
1549 3810 1971 3882 humillimas
2004 3832 2139 3907 ago
2175 3810 2431 3905 gratias
2444 3858 2467 3894 ‚
2516 3812 2708 3905 injun
2803 3834 3049 3909 mque,
3086 3834 3165 3887 ut
3232 3832 3345 3885 er-

939 3906 1176 4001 petuis
1212 3907 1642 4001 temporibus
1667 3928 1801 4003 pro
1845 3904 2075 4003 Regia
2112 3906 2476 4001 Majestate
2506 3836 2801 3983 succeffa

941 4025 1028 4079 ac
1080 4000 1636 4076 benefactoribus
1693 4002 2017 4077 omnibus
2064 4003 2098 4099 (
2130 4025 2439 4100 quorum
2475 4004 2801 4099 catalogo
2842 4004 2937 4078 D.
2982 4002 3078 4078 V.
3116 4001 3343 4080 afferi·

940 4096 1166 4215 bam)
1215 4094 1640 4197 hospitalarii
1673 4102 1810 4181 mei
1846 4098 2123 4187 Danu
2170 4118 2404 4203 orent.
2454 4172 2463 4181 .
2505 4096 2771 4183 Verum
2800 4102 2877 4183 in
2906 4102 3047 4183 hac
3082 4104 3352 4279 ‘⁶¹32ss

2760 3910 3139 4001 oribusque
3192 3911 3301 3984 uis
3316 3962 3345 4000 ,
