3700 4884
774 470 785 481 ,
876 372 1053 475 686
1164 360 1614 499 wGLn
1668 383 1803 453 AB
1857 354 2382 465 AYTTA
2433 351 3184 451 ZUICHEMI

902 500 1204 646 libenter
1230 538 1600 659 arripiant}
1639 554 1742 632 Et
1770 550 2058 628 fortaffis
2093 572 2352 649 magno
2384 546 2618 648 pietio
2653 549 3104 628 abolitionem
3149 556 3318 651 ejus.

694 668 699 675 ’
851 756 859 766 Ι
903 664 1279 763 impetrare
1314 656 1559 759 postea
1588 648 1853 731 necesse
1901 648 2140 725 fuerit.
3188 678 3198 686 -
3323 728 3338 741 ο

1199 880 2276 983 ·EPISTOLA
2393 876 2954 975 CLXIX.

903 1132 1051 1226 De
1122 1082 1641 1221 reifibutione
1722 1126 1978 1215 6000.
2029 1124 2253 1239 flon-
2316 1122 2715 1241 Hoppero
2773 1146 2931 1239 per
2997 1124 3305 1243 Regem

992 1249 1248 1361 facta.
1392 1244 1691 1332 Gauda
1722 1304 1748 1345 ‚
1826 1240 2162 1355 aliaeque
2247 1238 2488 1326 urbes
2570 1268 2625 1324 a
2708 1238 3026 1347 Geufiis
3090 1249 3344 1327 occa-¹

1009 1381 1251 1477 patae.
1374 1356 1881 1451 Praetexitur
1953 1382 2039 1439 x.
2121 1355 2296 1443 den.
2390 1358 2686 1439 exonio
2719 1416 2745 1457 ,
2813 1350 3078 1469 ficper
3153 1382 3306 1468 quo

1020 1474 1247 1565 Dux
1307 1472 1793 1559 moderatius
1820 1468 2096 1582 sentit.
2213 1464 2476 1563 Nihil
2522 1466 2661 1557 illo
2719 1467 2995 1555 multis
3015 1467 3312 1583 seculis

1024 1582 1491 1694 damnosius.
1608 1624 1611 1633 ·

1061 1824 1150 1898 L.
1194 1822 1294 1897 D.
1340 1817 1830 1897 Horren.
1923 1818 2084 1897 Post
2127 1820 2520 1893 noviffimas
2573 1841 2767 1897 meas
2831 1822 3064 1895 literas
3097 1871 3120 1907 ‚
3181 1842 3320 1920 per

1108 1920 1425 1995 Bertium
1484 1918 1954 1993 Secretarium
1997 1968 2020 2005 ,
2084 1912 2334 2009 Regiae
2385 1916 2762 2013 Majestatis
2807 1917 3314 1992 ordinationem

914 2017 1141 2115 super-
1161 2016 1501 2090 solutione
1550 2021 1762 2089 6000.
1796 2010 1996 2111 (10)
2041 2012 2470 2088 florenorum
2521 2014 2961 2089 Illustrissimo
2999 2014 3184 2089 Duci
3215 2016 3318 2087 in-

920 2112 1191 2189 sinuari·
1232 2114 1514 2199 curavi,
1561 2114 1988 2207 rogavique,
2039 2132 2117 2183 ut
2169 2108 2290 2209 suo
2343 2110 2586 2185 favore
2621 2134 2774 2184 eam
2829 2114 3328 2207 coadjuvat-et,

920 2212 1463 2305 executionique
1526 2209 1904 2282 mandaret.
2017 2206 2281 2280 Veram
2333 2209 2484 2279 tale
2544 2208 2946 2303 responsum
3002 2210 3324 2293 obtinui,

770 2376 779 2391 ,
928 2306 1131 2405 quale
1181 2304 1656 2380 desiderabam
1688 2330 1719 2395 ,·
1758 2303 1877 2378 sed
1919 2306 2176 2389 iterum
2219 2326 2377 2378 eum
2425 2305 2651 2399 prima
2693 2302 3058 2379 occasione
3111 2308 3321 2377 inter-

924 2404 1179 2502 pellari
1232 2402 1499 2475 curabo
1526 2451 1549 2487 ,
1616 2398 1695 2473 ἃ.
1752 2399 1916 2476 esim
1964 2402 2228 2473 interea
2271 2398 2602 2471 Aibertus
2652 2402 2742 2473 ab
2779 2400 2939 2475 Loo
2994 2400 3322 2487 redierit,

927 2498 1079 2596 ipse
1124 2522 1269 2572 una
1302 2496 1740 2581 sollicitabit,
1790 2518 1870 2570 ut
1913 2498 2069 2569 voti
2123 2500 2226 2569 tui
2283 2515 2352 2567 te
2386 2516 2788 2590 compotem
2819 2496 3178 2571 faciamus.
3227 2498 3324 2570 1⁴:-

923 2596 1195 2693 jusdem
1235 2616 1377 2690 quo
1430 2616 1517 2665 ue
1546 2593 1769 2666 literis
1814 2589 2166 2688 pei-cipies
2191 2646 2212 2679 ,
2259 2590 2594 2665 Gondam
2630 2596 2702 2665 in
2737 2615 3007 2688 partem
3029 2592 3332 2668 Censu-

932 2712 1188 2767 norum
1242 2712 1395 2761 tran
1420 2687 1565 2762 iiss'e
1603 2743 1624 2777 ,
1671 2690 1973 2787 aliasque
2017 2688 2342 2785 quasdam
2389 2688 2600 2762 urbes
2649 2688 3056 2764 Hollandiae
3084 2743 3107 2774 ‚
3156 2688 3330 2765 Gel-

930 2791 1199 2883 riaeque
1220 2786 1459 2860 seillis
1482 2784 1809 2887 Junxiffe,
1865 2804 1948 2857 ut
1981 2788 2370 2881 periculum
2401 2782 2486 2857 fit
2507 2834 2532 2873 ‚
2565 2808 2654 2859 ne
2701 2807 2917 2861 totam
2949 2791 3140 2861 illam
3169 2812 3332 2883 pro-

930 2886 1241 2958 vinciam
1288 2885 1701 2955 amittamus.
1742 2914 1747 2918 ·
1800 2882 2219 2956 Praetexitur
2255 2904 2482 2955 autem
2519 2882 2782 2978 ubique
2831 2886 3082 2957 decimi
3123 2887 3328 2961 dena·

930 2982 1025 3055 rii
1066 2981 1335 3055 exactio
1365 3029 1385 3063 ,
1454 2974 1827 3052 &·‘revera
1871 2981 2130 3074 egestas
2165 3031 2187 3065 ‚
2255 2979 2880 3075 negotiationisque
2931 3002 3018 3057 ac
3059 2985 3341 3077 naviga·—
3447 3014 3476 3031 ·

938 3078 1153 3149 tionis
1188 3075 1466 3150 cessatio
1491 3125 1516 3161 ,
1552 3078 1897 3170 popqum
1933 3096 2180 3149 contra
2212 3072 2742 3171 Magistratuurn
2783 3080 3218 3152 voluntatem
3247 3080 3342 3151 ad

942 3194 1054 3245 res
1108 3188 1329 3247 novas
1365 3174 1643 3255 incitat,
1698 3172 1772 3245 δι
1826 3173 1957 3245 alia
2001 3186 2090 3247 'ex
2118 3194 2320 3269 parte
2353 3174 2609 3244 invitat
2643 3196 2765 3246 eos
2799 3175 3340 3269 depraedationis

934 3270 1262 3355 lieentia,
1312 3290 1393 3341 ut
1428 3289 1785 3361 nunquam
1822 3272 2150 3342 credatur
2198 3272 2356 3341 haec
2399 3265 2770 3343 Provincia
2825 3272 2901 3341 in
2955 3274 3078 3345 tali
3121 3272 3352 3344 discri-

940 3366 1132 3439 mine
1186 3364 1451 3438 versata
1506 3362 1723 3436 fuiss'e.
1790 3366 2122 3457 ,Quibus
2175 3360 2693 3439 difficultatibus
2741 3364 2912 3438 Dux
2967 3368 3350 3453 adduam,

944 3459 1226 3533 tandem
1258 3463 1348 3536 de
1386 3460 1659 3532 decimo
1684 3460 1974 3559 denario
2009 3459 2436 3535 moderatius
2471 3462 2657 3555 cepit
2697 3460 3098 3549 confilium,
3149 3469 3340 3557 quod

940 3579 1044 3631 an
1094 3553 1278 3651 Regi
1382 3555 1745 3629 robabitur
1780 3607 1804 3641 ,
1853 3555 2225 3643 nescimu3‚
2279 3556 2642 3653 postquam
2705 3558 2920 3651 aliqui
2957 3558 3045 3631 ab
3098 3558 3192 3631 D.
3249 3558 3341 3635 V.

952 3656 1273 3750 quaedam
1352 3656 1582 3748 cripta
1615 3650 1951 3740 afferunt,
2001 3674 2159 3749 quae
2213 3650 2406 3749 spem'
2459 3652 2660 3726 nobis
2691 3655 3102 3749 praecidunt.
3203 3654 3346 3728 Ve-

952 3751 1108 3823 ram
1139 3801 1165 3842 ‚
1214 3748 1543 3823 miHo’P
1567 3770 1792 3823 1²an
1832 3802 1853 3836 ,
1897 3752 2129 3835 ,crede
2173 3750 2343 3823 mihi
2387 3804 2408 3838 ,
2473 3750 2647 3823 nihil
2695 3752 2928 3825 multis
2981 3751 3228 3824 seculis
3277 3751 3350 3824 in

910 3849 1091 3921 ·hac
1142 3846 1521 3921 Provincia
1582 3846 1802 3951 magis
1867 3844 2276 3921 damnosum
2323 3848 2600 3945 experti
2645 3843 2898 3921 sumus.
2995 3846 3187 3924 Bene
3231 3874 3353 3922 va-

3245 3948 3357 4033 le,

1094 4142 1213 4226 10)
1240 4145 1435 4241 ‚Haec
1492 4144 1753 4213 summa
1790 4144 1997 4235 super
2047 4148 2246 4223 bonis
2293 4139 2684 4233 confiscatis
2707 4148 3040 4239 affignata
3076 4149 3230 4229 fuit.
3269 4146 3359 4217 V.

1067 4279 1085 4301 .
1126 4226 1771 4341 Epia.,CLX2n11.
2299 4246 2306 4253 ·
2859 4242 2873 4255 “·
