<?xml version="1.0" encoding="UTF-8"?>
<!DOCTYPE html PUBLIC "-//W3C//DTD XHTML 1.0 Transitional//EN"
    "http://www.w3.org/TR/xhtml1/DTD/xhtml1-transitional.dtd">
<html xmlns="http://www.w3.org/1999/xhtml" xml:lang="en" lang="en">
 <head>
  <title>
</title>
<meta http-equiv="Content-Type" content="text/html;charset=utf-8" />
  <meta name='ocr-system' content='tesseract 3.04.00' />
  <meta name='ocr-capabilities' content='ocr_page ocr_carea ocr_par ocr_line ocrx_word'/>
</head>
<body>
  <div class='ocr_page' id='page_1' title='image "./vitavigliiabayt00unkngoog_0459.png"; bbox 0 0 3700 4884; ppageno 0'>
   <div class='ocr_carea' id='block_1_1' title="bbox 894 269 3241 436">
    <p class='ocr_par' dir='ltr' id='par_1_1' title="bbox 894 269 3241 436">
     <span class='ocr_line' id='line_1_1' title="bbox 894 269 3241 436; baseline -0.005 -21"><span class='ocrx_word' id='word_1_1' title='bbox 894 320 1063 436; x_wconf 83' lang='lat'>786</span> <span class='ocrx_word' id='word_1_2' title='bbox 1113 312 1603 416; x_wconf 80' lang='lat' dir='ltr'>VIGLII</span> <span class='ocrx_word' id='word_1_3' title='bbox 1657 339 1799 420; x_wconf 79' lang='lat' dir='ltr'>AB</span> <span class='ocrx_word' id='word_1_4' title='bbox 1853 269 3241 428; x_wconf 68' lang='lat' dir='ltr'>AYTTA‘ZUICHEMJ.</span> 
     </span>
    </p>
   </div>
   <div class='ocr_carea' id='block_1_2' title="bbox 845 497 3417 4326">
    <p class='ocr_par' dir='ltr' id='par_1_2' title="bbox 845 497 3417 4326">
     <span class='ocr_line' id='line_1_2' title="bbox 862 497 3301 612; baseline -0.002 -29"><span class='ocrx_word' id='word_1_5' title='bbox 862 507 1346 604; x_wconf 60' lang='lat' dir='ltr'>=successorem</span> <span class='ocrx_word' id='word_1_6' title='bbox 1404 503 1697 595; x_wconf 71' lang='lat' dir='ltr'>cuneta,</span> <span class='ocrx_word' id='word_1_7' title='bbox 1747 527 1911 600; x_wconf 77' lang='lat' dir='ltr'>quae</span> <span class='ocrx_word' id='word_1_8' title='bbox 1974 503 2061 577; x_wconf 91' lang='lat' dir='ltr'>ab</span> <span class='ocrx_word' id='word_1_9' title='bbox 2114 499 2317 578; x_wconf 87' lang='lat' dir='ltr'>Duce</span> <span class='ocrx_word' id='word_1_10' title='bbox 2380 499 2616 612; x_wconf 71' lang='lat' dir='ltr'>omissa</span> <span class='ocrx_word' id='word_1_11' title='bbox 2660 497 2985 586; x_wconf 88' lang='lat' dir='ltr'>fuerunt,</span> <span class='ocrx_word' id='word_1_12' title='bbox 3036 499 3301 598; x_wconf 64' lang='lat' dir='ltr'>rejefta</span> 
     </span>
     <span class='ocr_line' id='line_1_3' title="bbox 889 605 3300 696; baseline -0.002 -17"><span class='ocrx_word' id='word_1_13' title='bbox 889 607 1084 679; x_wconf 89' lang='lat' dir='ltr'>sunt:</span> <span class='ocrx_word' id='word_1_14' title='bbox 1133 606 1431 676; x_wconf 76' lang='lat' dir='ltr'>maxime</span> <span class='ocrx_word' id='word_1_15' title='bbox 1473 605 1652 676; x_wconf 78' lang='lat' dir='ltr'>vero</span> <span class='ocrx_word' id='word_1_16' title='bbox 1707 625 1786 673; x_wconf 88' lang='lat' dir='ltr'>ea</span> <span class='ocrx_word' id='word_1_17' title='bbox 1817 623 1979 696; x_wconf 84' lang='lat' dir='ltr'>quae</span> <span class='ocrx_word' id='word_1_18' title='bbox 2026 623 2169 674; x_wconf 89' lang='lat' dir='ltr'>rem</span> <span class='ocrx_word' id='word_1_19' title='bbox 2228 617 2703 694; x_wconf 77' lang='lat' dir='ltr'>pecuniariam</span> <span class='ocrx_word' id='word_1_20' title='bbox 2757 618 3045 694; x_wconf 88' lang='lat' dir='ltr'>quoquo</span> <span class='ocrx_word' id='word_1_21' title='bbox 3082 605 3300 674; x_wconf 88' lang='lat' dir='ltr'>modo</span> 
     </span>
     <span class='ocr_line' id='line_1_4' title="bbox 892 692 3291 776; baseline -0.003 0"><span class='ocrx_word' id='word_1_22' title='bbox 892 703 1427 776; x_wconf 87' lang='lat' dir='ltr'>concernebant.</span> <span class='ocrx_word' id='word_1_23' title='bbox 1529 696 1629 770; x_wconf 84' lang='lat' dir='ltr'>Et</span> <span class='ocrx_word' id='word_1_24' title='bbox 1656 695 1983 770; x_wconf 87' lang='lat' dir='ltr'>immensa</span> <span class='ocrx_word' id='word_1_25' title='bbox 2014 693 2219 769; x_wconf 87' lang='lat' dir='ltr'>turba</span> <span class='ocrx_word' id='word_1_26' title='bbox 2260 693 2683 774; x_wconf 84' lang='lat' dir='ltr'>creditorum</span> <span class='ocrx_word' id='word_1_27' title='bbox 2716 694 2839 766; x_wconf 87' lang='lat' dir='ltr'>sub</span> <span class='ocrx_word' id='word_1_28' title='bbox 2882 692 3100 767; x_wconf 82' lang='lat' dir='ltr'>Ducis</span> <span class='ocrx_word' id='word_1_29' title='bbox 3146 697 3291 770; x_wconf 90' lang='lat' dir='ltr'>abi·</span> 
     </span>
     <span class='ocr_line' id='line_1_5' title="bbox 889 789 3289 886; baseline -0.001 -16"><span class='ocrx_word' id='word_1_30' title='bbox 889 821 1044 870; x_wconf 88' lang='lat' dir='ltr'>tum</span> <span class='ocrx_word' id='word_1_31' title='bbox 1097 799 1236 868; x_wconf 91' lang='lat' dir='ltr'>huc</span> <span class='ocrx_word' id='word_1_32' title='bbox 1287 793 1590 868; x_wconf 88' lang='lat' dir='ltr'>accurrit</span> <span class='ocrx_word' id='word_1_33' title='bbox 1627 847 1648 878; x_wconf 90' lang='lat'>‚</span> <span class='ocrx_word' id='word_1_34' title='bbox 1700 793 1738 865; x_wconf 73' lang='lat' dir='ltr'>a</span> <span class='ocrx_word' id='word_1_35' title='bbox 1790 792 2044 885; x_wconf 79' lang='lat' dir='ltr'>quibus</span> <span class='ocrx_word' id='word_1_36' title='bbox 2094 791 2445 886; x_wconf 83' lang='lat' dir='ltr'>explicare</span> <span class='ocrx_word' id='word_1_37' title='bbox 2500 789 2567 860; x_wconf 91' lang='lat' dir='ltr'>se</span> <span class='ocrx_word' id='word_1_38' title='bbox 2618 812 2759 864; x_wconf 89' lang='lat' dir='ltr'>non</span> <span class='ocrx_word' id='word_1_39' title='bbox 2812 789 2973 862; x_wconf 88' lang='lat' dir='ltr'>satis</span> <span class='ocrx_word' id='word_1_40' title='bbox 3018 795 3289 886; x_wconf 87' lang='lat' dir='ltr'>potuit:</span> 
     </span>
     <span class='ocr_line' id='line_1_6' title="bbox 889 883 3293 986; baseline -0.002 -20"><span class='ocrx_word' id='word_1_41' title='bbox 889 895 1075 966; x_wconf 91' lang='lat' dir='ltr'>unde</span> <span class='ocrx_word' id='word_1_42' title='bbox 1111 915 1250 963; x_wconf 91' lang='lat' dir='ltr'>non</span> <span class='ocrx_word' id='word_1_43' title='bbox 1308 889 1442 986; x_wconf 82' lang='lat' dir='ltr'>fine</span> <span class='ocrx_word' id='word_1_44' title='bbox 1489 886 1688 964; x_wconf 87' lang='lat' dir='ltr'>causa</span> <span class='ocrx_word' id='word_1_45' title='bbox 1733 889 1998 962; x_wconf 83' lang='lat' dir='ltr'>veritus</span> <span class='ocrx_word' id='word_1_46' title='bbox 2048 889 2423 986; x_wconf 87' lang='lat' dir='ltr'>aliquando</span> <span class='ocrx_word' id='word_1_47' title='bbox 2472 883 2613 974; x_wconf 87' lang='lat' dir='ltr'>fui,</span> <span class='ocrx_word' id='word_1_48' title='bbox 2664 911 2751 960; x_wconf 85' lang='lat' dir='ltr'>ne</span> <span class='ocrx_word' id='word_1_49' title='bbox 2796 886 3081 958; x_wconf 86' lang='lat' dir='ltr'>nimium</span> <span class='ocrx_word' id='word_1_50' title='bbox 3126 913 3293 984; x_wconf 90' lang='lat' dir='ltr'>pro-</span> 
     </span>
     <span class='ocr_line' id='line_1_7' title="bbox 887 981 3293 1085; baseline -0.002 -22"><span class='ocrx_word' id='word_1_51' title='bbox 887 987 1188 1085; x_wconf 72' lang='lat' dir='ltr'>pere‘D.</span> <span class='ocrx_word' id='word_1_52' title='bbox 1235 983 1326 1060; x_wconf 92' lang='lat' dir='ltr'>V.</span> <span class='ocrx_word' id='word_1_53' title='bbox 1369 986 1456 1058; x_wconf 89' lang='lat' dir='ltr'>de</span> <span class='ocrx_word' id='word_1_54' title='bbox 1490 981 1803 1080; x_wconf 81' lang='lat' dir='ltr'>praestito</span> <span class='ocrx_word' id='word_1_55' title='bbox 1852 981 2131 1071; x_wconf 83' lang='lat' dir='ltr'>officio,</span> <span class='ocrx_word' id='word_1_56' title='bbox 2180 985 2376 1079; x_wconf 88' lang='lat' dir='ltr'>quod</span> <span class='ocrx_word' id='word_1_57' title='bbox 2424 1006 2515 1055; x_wconf 91' lang='lat' dir='ltr'>an</span> <span class='ocrx_word' id='word_1_58' title='bbox 2560 983 3037 1078; x_wconf 87' lang='lat' dir='ltr'>completurus</span> <span class='ocrx_word' id='word_1_59' title='bbox 3080 983 3293 1072; x_wconf 74' lang='lat' dir='ltr'>efflet,</span> 
     </span>
     <span class='ocr_line' id='line_1_8' title="bbox 894 1078 3293 1178; baseline -0.001 -20"><span class='ocrx_word' id='word_1_60' title='bbox 894 1083 1294 1159; x_wconf 79' lang='lat' dir='ltr'>dubitabam</span> <span class='ocrx_word' id='word_1_61' title='bbox 1321 1134 1340 1166; x_wconf 92' lang='lat'>,</span> <span class='ocrx_word' id='word_1_62' title='bbox 1391 1083 1646 1178; x_wconf 76' lang='lat' dir='ltr'>gratias</span> <span class='ocrx_word' id='word_1_63' title='bbox 1678 1082 1779 1151; x_wconf 91' lang='lat' dir='ltr'>illi</span> <span class='ocrx_word' id='word_1_64' title='bbox 1815 1098 2071 1175; x_wconf 88' lang='lat' dir='ltr'>ageret.</span> <span class='ocrx_word' id='word_1_65' title='bbox 2154 1079 2630 1172; x_wconf 87' lang='lat' dir='ltr'>Quamobrem</span> <span class='ocrx_word' id='word_1_66' title='bbox 2663 1081 2816 1150; x_wconf 86' lang='lat' dir='ltr'>aliae</span> <span class='ocrx_word' id='word_1_67' title='bbox 2843 1078 3045 1154; x_wconf 86' lang='lat' dir='ltr'>vobis</span> <span class='ocrx_word' id='word_1_68' title='bbox 3084 1085 3293 1156; x_wconf 88' lang='lat' dir='ltr'>ratio·</span> 
     </span>
     <span class='ocr_line' id='line_1_9' title="bbox 845 1171 3291 1272; baseline -0.002 -18"><span class='ocrx_word' id='word_1_69' title='bbox 845 1255 858 1262; x_wconf 75' lang='grc'>,</span> <span class='ocrx_word' id='word_1_70' title='bbox 893 1203 1015 1253; x_wconf 85' lang='lat' dir='ltr'>nes</span> <span class='ocrx_word' id='word_1_71' title='bbox 1059 1178 1378 1252; x_wconf 82' lang='lat' dir='ltr'>ineundae</span> <span class='ocrx_word' id='word_1_72' title='bbox 1420 1177 1578 1250; x_wconf 87' lang='lat' dir='ltr'>sunt</span> <span class='ocrx_word' id='word_1_73' title='bbox 1612 1227 1635 1263; x_wconf 90' lang='lat'>,</span> <span class='ocrx_word' id='word_1_74' title='bbox 1687 1176 1761 1250; x_wconf 85' lang='lat'>&amp;</span> <span class='ocrx_word' id='word_1_75' title='bbox 1805 1195 2141 1272; x_wconf 90' lang='lat' dir='ltr'>quantum</span> <span class='ocrx_word' id='word_1_76' title='bbox 2178 1175 2386 1247; x_wconf 88' lang='lat' dir='ltr'>video</span> <span class='ocrx_word' id='word_1_77' title='bbox 2442 1199 2672 1248; x_wconf 89' lang='lat' dir='ltr'>rerum</span> <span class='ocrx_word' id='word_1_78' title='bbox 2720 1171 3106 1248; x_wconf 88' lang='lat' dir='ltr'>nostrarum</span> <span class='ocrx_word' id='word_1_79' title='bbox 3159 1177 3291 1250; x_wconf 88' lang='lat' dir='ltr'>sta-</span> 
     </span>
     <span class='ocr_line' id='line_1_10' title="bbox 890 1268 3297 1368; baseline -0.002 -22"><span class='ocrx_word' id='word_1_80' title='bbox 890 1294 1083 1362; x_wconf 88' lang='lat' dir='ltr'>tum,</span> <span class='ocrx_word' id='word_1_81' title='bbox 1135 1274 1222 1348; x_wconf 84' lang='lat' dir='ltr'>ab</span> <span class='ocrx_word' id='word_1_82' title='bbox 1267 1272 1640 1348; x_wconf 77' lang='lat' dir='ltr'>success&#39;ore</span> <span class='ocrx_word' id='word_1_83' title='bbox 1699 1295 1840 1344; x_wconf 89' lang='lat' dir='ltr'>non</span> <span class='ocrx_word' id='word_1_84' title='bbox 1880 1273 2101 1346; x_wconf 90' lang='lat' dir='ltr'>multo</span> <span class='ocrx_word' id='word_1_85' title='bbox 2144 1273 2301 1368; x_wconf 89' lang='lat' dir='ltr'>plus</span> <span class='ocrx_word' id='word_1_86' title='bbox 2350 1268 2859 1366; x_wconf 67' lang='lat' dir='ltr'>expestandum</span> <span class='ocrx_word' id='word_1_87' title='bbox 2914 1271 3084 1357; x_wconf 88' lang='lat' dir='ltr'>erit,</span> <span class='ocrx_word' id='word_1_88' title='bbox 3135 1271 3297 1356; x_wconf 72' lang='lat' dir='ltr'>cum</span> 
     </span>
     <span class='ocr_line' id='line_1_11' title="bbox 891 1366 3299 1467; baseline -0.001 -23"><span class='ocrx_word' id='word_1_89' title='bbox 891 1374 951 1444; x_wconf 84' lang='lat' dir='ltr'>is</span> <span class='ocrx_word' id='word_1_90' title='bbox 1011 1393 1295 1467; x_wconf 89' lang='lat' dir='ltr'>quoque</span> <span class='ocrx_word' id='word_1_91' title='bbox 1365 1373 1522 1444; x_wconf 83' lang='lat' dir='ltr'>aeris</span> <span class='ocrx_word' id='word_1_92' title='bbox 1563 1369 1824 1450; x_wconf 86' lang='lat' dir='ltr'>alieni,</span> <span class='ocrx_word' id='word_1_93' title='bbox 1879 1366 2405 1462; x_wconf 80' lang='lat' dir='ltr'>debitorumque</span> <span class='ocrx_word' id='word_1_94' title='bbox 2446 1389 2705 1440; x_wconf 86' lang='lat' dir='ltr'>tantam</span> <span class='ocrx_word' id='word_1_95' title='bbox 2752 1367 2871 1439; x_wconf 74' lang='lat' dir='ltr'>hic</span> <span class='ocrx_word' id='word_1_96' title='bbox 2910 1372 3299 1465; x_wconf 87' lang='lat' dir='ltr'>comperiat</span> 
     </span>
     <span class='ocr_line' id='line_1_12' title="bbox 893 1461 3297 1562; baseline -0.001 -21"><span class='ocrx_word' id='word_1_97' title='bbox 893 1469 1438 1562; x_wconf 82' lang='lat' dir='ltr'>magnitudinem</span> <span class='ocrx_word' id='word_1_98' title='bbox 1472 1517 1498 1552; x_wconf 92' lang='lat'>‚</span> <span class='ocrx_word' id='word_1_99' title='bbox 1546 1485 1667 1550; x_wconf 90' lang='lat' dir='ltr'>ut,</span> <span class='ocrx_word' id='word_1_100' title='bbox 1717 1487 2019 1559; x_wconf 89' lang='lat' dir='ltr'>quonam</span> <span class='ocrx_word' id='word_1_101' title='bbox 2061 1461 2131 1548; x_wconf 79' lang='lat' dir='ltr'>se</span> <span class='ocrx_word' id='word_1_102' title='bbox 2182 1483 2405 1538; x_wconf 85' lang='lat' dir='ltr'>vertat</span> <span class='ocrx_word' id='word_1_103' title='bbox 2442 1465 2567 1536; x_wconf 82' lang='lat' dir='ltr'>vix</span> <span class='ocrx_word' id='word_1_104' title='bbox 2615 1461 3007 1558; x_wconf 81' lang='lat' dir='ltr'>perspicere</span> <span class='ocrx_word' id='word_1_105' title='bbox 3060 1465 3297 1538; x_wconf 87' lang='lat' dir='ltr'>adhuc</span> 
     </span>
     <span class='ocr_line' id='line_1_13' title="bbox 891 1557 3288 1660; baseline -0.001 -25"><span class='ocrx_word' id='word_1_106' title='bbox 891 1563 1114 1660; x_wconf 84' lang='lat' dir='ltr'>pollit.</span> <span class='ocrx_word' id='word_1_107' title='bbox 1215 1561 1312 1635; x_wconf 89' lang='lat' dir='ltr'>Et</span> <span class='ocrx_word' id='word_1_108' title='bbox 1345 1564 1416 1634; x_wconf 91' lang='lat' dir='ltr'>in</span> <span class='ocrx_word' id='word_1_109' title='bbox 1460 1561 1620 1634; x_wconf 67' lang='lat' dir='ltr'>‚solis</span> <span class='ocrx_word' id='word_1_110' title='bbox 1657 1561 1975 1634; x_wconf 79' lang='lat' dir='ltr'>Statuam</span> <span class='ocrx_word' id='word_1_111' title='bbox 2014 1557 2324 1641; x_wconf 73' lang='lat' dir='ltr'>subsidiis</span> <span class='ocrx_word' id='word_1_112' title='bbox 2371 1557 2524 1656; x_wconf 87' lang='lat' dir='ltr'>spes</span> <span class='ocrx_word' id='word_1_113' title='bbox 2569 1561 2801 1653; x_wconf 82' lang='lat' dir='ltr'>aliqua</span> <span class='ocrx_word' id='word_1_114' title='bbox 2843 1581 3117 1648; x_wconf 87' lang='lat' dir='ltr'>manet,</span> <span class='ocrx_word' id='word_1_115' title='bbox 3165 1564 3288 1636; x_wconf 89' lang='lat' dir='ltr'>cui</span> 
     </span>
     <span class='ocr_line' id='line_1_14' title="bbox 893 1652 3297 1756; baseline -0.001 -24"><span class='ocrx_word' id='word_1_116' title='bbox 893 1683 1122 1732; x_wconf 83' lang='lat' dir='ltr'>tamen</span> <span class='ocrx_word' id='word_1_117' title='bbox 1168 1707 1191 1742; x_wconf 90' lang='lat'><em>‚</em></span> <span class='ocrx_word' id='word_1_118' title='bbox 1257 1658 1745 1756; x_wconf 86' lang='lat' dir='ltr'>depauperatis</span> <span class='ocrx_word' id='word_1_119' title='bbox 1810 1654 2247 1750; x_wconf 79' lang='lat' dir='ltr'>alteratisque</span> <span class='ocrx_word' id='word_1_120' title='bbox 2314 1652 2903 1738; x_wconf 75' lang='lat' dir='ltr'>provincialibus,</span> <span class='ocrx_word' id='word_1_121' title='bbox 2956 1679 3297 1752; x_wconf 86' lang='lat' dir='ltr'>quantum</span> 
     </span>
     <span class='ocr_line' id='line_1_15' title="bbox 891 1749 3295 1850; baseline -0 -22"><span class='ocrx_word' id='word_1_122' title='bbox 891 1753 1246 1828; x_wconf 87' lang='lat' dir='ltr'>confidere</span> <span class='ocrx_word' id='word_1_123' title='bbox 1283 1755 1703 1850; x_wconf 82' lang='lat' dir='ltr'>poterimus,</span> <span class='ocrx_word' id='word_1_124' title='bbox 1753 1775 1895 1824; x_wconf 87' lang='lat' dir='ltr'>non</span> <span class='ocrx_word' id='word_1_125' title='bbox 1938 1749 2093 1822; x_wconf 86' lang='lat' dir='ltr'>satis</span> <span class='ocrx_word' id='word_1_126' title='bbox 2126 1751 2486 1839; x_wconf 84' lang='lat' dir='ltr'>videmus,</span> <span class='ocrx_word' id='word_1_127' title='bbox 2523 1749 2903 1848; x_wconf 69' lang='lat' dir='ltr'>praesertim</span> <span class='ocrx_word' id='word_1_128' title='bbox 2944 1751 3101 1824; x_wconf 75' lang='lat' dir='ltr'>cum</span> <span class='ocrx_word' id='word_1_129' title='bbox 3138 1777 3295 1848; x_wconf 83' lang='lat' dir='ltr'>per-</span> 
     </span>
     <span class='ocr_line' id='line_1_16' title="bbox 887 1846 3291 1946; baseline 0 -23"><span class='ocrx_word' id='word_1_130' title='bbox 887 1855 1112 1946; x_wconf 78' lang='lat' dir='ltr'>petuo</span> <span class='ocrx_word' id='word_1_131' title='bbox 1157 1851 1362 1922; x_wconf 85' lang='lat' dir='ltr'>nobis</span> <span class='ocrx_word' id='word_1_132' title='bbox 1401 1849 1766 1944; x_wconf 80' lang='lat' dir='ltr'>objiciant,</span> <span class='ocrx_word' id='word_1_133' title='bbox 1817 1868 1975 1922; x_wconf 90' lang='lat' dir='ltr'>ante</span> <span class='ocrx_word' id='word_1_134' title='bbox 2012 1851 2239 1920; x_wconf 88' lang='lat' dir='ltr'>omnia</span> <span class='ocrx_word' id='word_1_135' title='bbox 2279 1847 2525 1919; x_wconf 89' lang='lat' dir='ltr'>decimi</span> <span class='ocrx_word' id='word_1_136' title='bbox 2570 1848 2833 1920; x_wconf 84' lang='lat' dir='ltr'>denarii</span> <span class='ocrx_word' id='word_1_137' title='bbox 2870 1846 3291 1936; x_wconf 75' lang='lat' dir='ltr'>exaftionis‚</span> 
     </span>
     <span class='ocr_line' id='line_1_17' title="bbox 892 1941 3289 2043; baseline 0 -24"><span class='ocrx_word' id='word_1_138' title='bbox 892 1971 1051 2043; x_wconf 82' lang='lat' dir='ltr'>quae</span> <span class='ocrx_word' id='word_1_139' title='bbox 1089 1947 1212 2018; x_wconf 74' lang='lat' dir='ltr'>lias</span> <span class='ocrx_word' id='word_1_140' title='bbox 1247 1946 1448 2019; x_wconf 87' lang='lat' dir='ltr'>nobis</span> <span class='ocrx_word' id='word_1_141' title='bbox 1491 1943 1906 2038; x_wconf 84' lang='lat' dir='ltr'>potiffimum</span> <span class='ocrx_word' id='word_1_142' title='bbox 1941 1943 2181 2016; x_wconf 87' lang='lat' dir='ltr'>turbas</span> <span class='ocrx_word' id='word_1_143' title='bbox 2214 1942 2579 2027; x_wconf 82' lang='lat' dir='ltr'>excitavit,</span> <span class='ocrx_word' id='word_1_144' title='bbox 2614 1941 3064 2016; x_wconf 85' lang='lat' dir='ltr'>abolitionem</span> <span class='ocrx_word' id='word_1_145' title='bbox 3103 1944 3289 2039; x_wconf 90' lang='lat' dir='ltr'>ipsos</span> 
     </span>
     <span class='ocr_line' id='line_1_18' title="bbox 889 2039 3295 2140; baseline 0 -26"><span class='ocrx_word' id='word_1_146' title='bbox 889 2045 1267 2137; x_wconf 82' lang='lat' dir='ltr'>requirere.</span> <span class='ocrx_word' id='word_1_147' title='bbox 1373 2039 1610 2140; x_wconf 76' lang='lat' dir='ltr'>Quam</span> <span class='ocrx_word' id='word_1_148' title='bbox 1647 2058 1844 2113; x_wconf 86' lang='lat' dir='ltr'>tanto</span> <span class='ocrx_word' id='word_1_149' title='bbox 1882 2041 2362 2113; x_wconf 85' lang='lat' dir='ltr'>vehementius</span> <span class='ocrx_word' id='word_1_150' title='bbox 2394 2039 2780 2133; x_wconf 85' lang='lat' dir='ltr'>postulant,</span> <span class='ocrx_word' id='word_1_151' title='bbox 2832 2063 3098 2132; x_wconf 84' lang='lat' dir='ltr'>quanto</span> <span class='ocrx_word' id='word_1_152' title='bbox 3148 2039 3295 2114; x_wconf 90' lang='lat' dir='ltr'>Du-</span> 
     </span>
     <span class='ocr_line' id='line_1_19' title="bbox 890 2131 3287 2232; baseline -0.001 -21"><span class='ocrx_word' id='word_1_153' title='bbox 890 2161 1040 2211; x_wconf 88' lang='lat' dir='ltr'>cem</span> <span class='ocrx_word' id='word_1_154' title='bbox 1093 2137 1636 2211; x_wconf 76' lang='lat' dir='ltr'>animadvertere</span> <span class='ocrx_word' id='word_1_155' title='bbox 1673 2135 2101 2230; x_wconf 84' lang='lat' dir='ltr'>pertinacius</span> <span class='ocrx_word' id='word_1_156' title='bbox 2146 2138 2209 2208; x_wconf 93' lang='lat' dir='ltr'>ei</span> <span class='ocrx_word' id='word_1_157' title='bbox 2244 2137 2601 2208; x_wconf 85' lang='lat' dir='ltr'>inhaerere.</span> <span class='ocrx_word' id='word_1_158' title='bbox 2702 2131 3077 2209; x_wconf 86' lang='lat' dir='ltr'>Nescimus</span> <span class='ocrx_word' id='word_1_159' title='bbox 3128 2159 3287 2232; x_wconf 81' lang='lat' dir='ltr'>quae</span> 
     </span>
     <span class='ocr_line' id='line_1_20' title="bbox 893 2227 3285 2329; baseline -0 -22"><span class='ocrx_word' id='word_1_160' title='bbox 893 2228 1502 2307; x_wconf 82' lang='lat' dir='ltr'>Commendatoris</span> <span class='ocrx_word' id='word_1_161' title='bbox 1557 2231 1763 2329; x_wconf 84' lang='lat' dir='ltr'>super</span> <span class='ocrx_word' id='word_1_162' title='bbox 1800 2257 1888 2305; x_wconf 90' lang='lat' dir='ltr'>eo</span> <span class='ocrx_word' id='word_1_163' title='bbox 1924 2227 2154 2304; x_wconf 83' lang='lat' dir='ltr'>futura</span> <span class='ocrx_word' id='word_1_164' title='bbox 2205 2229 2286 2302; x_wconf 83' lang='lat' dir='ltr'>fit</span> <span class='ocrx_word' id='word_1_165' title='bbox 2330 2229 2661 2303; x_wconf 82' lang='lat' dir='ltr'>sententia</span> <span class='ocrx_word' id='word_1_166' title='bbox 2686 2285 2707 2318; x_wconf 90' lang='lat'>,</span> <span class='ocrx_word' id='word_1_167' title='bbox 2756 2229 2877 2304; x_wconf 83' lang='lat' dir='ltr'>nifi</span> <span class='ocrx_word' id='word_1_168' title='bbox 2918 2233 3109 2326; x_wconf 87' lang='lat' dir='ltr'>quod</span> <span class='ocrx_word' id='word_1_169' title='bbox 3144 2255 3285 2306; x_wconf 90' lang='lat' dir='ltr'>ma·</span> 
     </span>
     <span class='ocr_line' id='line_1_21' title="bbox 887 2324 3293 2426; baseline 0.001 -25"><span class='ocrx_word' id='word_1_170' title='bbox 887 2353 1202 2426; x_wconf 88' lang='lat' dir='ltr'>gnopcre</span> <span class='ocrx_word' id='word_1_171' title='bbox 1255 2350 1590 2402; x_wconf 89' lang='lat' dir='ltr'>verentur</span> <span class='ocrx_word' id='word_1_172' title='bbox 1628 2346 1880 2400; x_wconf 79' lang='lat' dir='ltr'>omncs</span> <span class='ocrx_word' id='word_1_173' title='bbox 1916 2381 1936 2414; x_wconf 90' lang='lat'>,</span> <span class='ocrx_word' id='word_1_174' title='bbox 2001 2351 2089 2401; x_wconf 90' lang='lat' dir='ltr'>ne</span> <span class='ocrx_word' id='word_1_175' title='bbox 2135 2350 2265 2421; x_wconf 88' lang='lat' dir='ltr'>per</span> <span class='ocrx_word' id='word_1_176' title='bbox 2317 2324 2735 2398; x_wconf 87' lang='lat' dir='ltr'>menstruum</span> <span class='ocrx_word' id='word_1_177' title='bbox 2788 2328 2927 2403; x_wconf 89' lang='lat' dir='ltr'>hoc</span> <span class='ocrx_word' id='word_1_178' title='bbox 2971 2348 3293 2423; x_wconf 87' lang='lat' dir='ltr'>tempus,</span> 
     </span>
     <span class='ocr_line' id='line_1_22' title="bbox 889 2419 3293 2520; baseline 0 -22"><span class='ocrx_word' id='word_1_179' title='bbox 889 2450 1035 2520; x_wconf 85' lang='lat' dir='ltr'>quo</span> <span class='ocrx_word' id='word_1_180' title='bbox 1069 2443 1204 2498; x_wconf 86' lang='lat' dir='ltr'>una</span> <span class='ocrx_word' id='word_1_181' title='bbox 1241 2425 1360 2495; x_wconf 75' lang='lat' dir='ltr'>hic</span> <span class='ocrx_word' id='word_1_182' title='bbox 1395 2425 1640 2518; x_wconf 70' lang='lat' dir='ltr'>egere,</span> <span class='ocrx_word' id='word_1_183' title='bbox 1691 2421 2103 2496; x_wconf 83' lang='lat' dir='ltr'>informatus</span> <span class='ocrx_word' id='word_1_184' title='bbox 2139 2423 2224 2494; x_wconf 88' lang='lat' dir='ltr'>ab</span> <span class='ocrx_word' id='word_1_185' title='bbox 2258 2421 2379 2494; x_wconf 90' lang='lat' dir='ltr'>illo</span> <span class='ocrx_word' id='word_1_186' title='bbox 2411 2419 2663 2510; x_wconf 86' lang='lat' dir='ltr'>fuerit,</span> <span class='ocrx_word' id='word_1_187' title='bbox 2710 2444 2789 2495; x_wconf 90' lang='lat' dir='ltr'>ut</span> <span class='ocrx_word' id='word_1_188' title='bbox 2822 2421 3059 2497; x_wconf 89' lang='lat' dir='ltr'>iisdem</span> <span class='ocrx_word' id='word_1_189' title='bbox 3096 2425 3293 2498; x_wconf 87' lang='lat' dir='ltr'>vesti-</span> 
     </span>
     <span class='ocr_line' id='line_1_23' title="bbox 888 2515 3295 2616; baseline 0.001 -25"><span class='ocrx_word' id='word_1_190' title='bbox 888 2521 1024 2616; x_wconf 83' lang='lat' dir='ltr'>giis</span> <span class='ocrx_word' id='word_1_191' title='bbox 1056 2519 1138 2594; x_wconf 89' lang='lat' dir='ltr'>fit</span> <span class='ocrx_word' id='word_1_192' title='bbox 1170 2515 1587 2602; x_wconf 76' lang='lat' dir='ltr'>inceffuruS,</span> <span class='ocrx_word' id='word_1_193' title='bbox 1635 2519 2014 2614; x_wconf 85' lang='lat' dir='ltr'>praesertim</span> <span class='ocrx_word' id='word_1_194' title='bbox 2060 2515 2219 2591; x_wconf 73' lang='lat' dir='ltr'>cum</span> <span class='ocrx_word' id='word_1_195' title='bbox 2276 2519 2560 2591; x_wconf 87' lang='lat' dir='ltr'>videant</span> <span class='ocrx_word' id='word_1_196' title='bbox 2607 2515 2890 2592; x_wconf 84' lang='lat' dir='ltr'>confilio</span> <span class='ocrx_word' id='word_1_197' title='bbox 2938 2523 3295 2595; x_wconf 88' lang='lat' dir='ltr'>turbulen-</span> 
     </span>
     <span class='ocr_line' id='line_1_24' title="bbox 889 2613 3295 2710; baseline 0 -20"><span class='ocrx_word' id='word_1_198' title='bbox 889 2639 1004 2699; x_wconf 89' lang='lat' dir='ltr'>to,</span> <span class='ocrx_word' id='word_1_199' title='bbox 1052 2637 1132 2688; x_wconf 90' lang='lat' dir='ltr'>ut</span> <span class='ocrx_word' id='word_1_200' title='bbox 1165 2632 1464 2698; x_wconf 87' lang='lat' dir='ltr'>vocant,</span> <span class='ocrx_word' id='word_1_201' title='bbox 1515 2617 1719 2686; x_wconf 88' lang='lat' dir='ltr'>etiam</span> <span class='ocrx_word' id='word_1_202' title='bbox 1751 2615 1912 2708; x_wconf 90' lang='lat' dir='ltr'>post</span> <span class='ocrx_word' id='word_1_203' title='bbox 1940 2614 2203 2710; x_wconf 81' lang='lat' dir='ltr'>Vargae·</span> <span class='ocrx_word' id='word_1_204' title='bbox 2228 2613 2530 2699; x_wconf 83' lang='lat' dir='ltr'>abitum,</span> <span class='ocrx_word' id='word_1_205' title='bbox 2566 2616 3059 2688; x_wconf 88' lang='lat' dir='ltr'>authoritatem</span> <span class='ocrx_word' id='word_1_206' title='bbox 3096 2619 3295 2690; x_wconf 83' lang='lat' dir='ltr'>relin-</span> 
     </span>
     <span class='ocr_line' id='line_1_25' title="bbox 891 2709 3293 2810; baseline 0.002 -26"><span class='ocrx_word' id='word_1_207' title='bbox 891 2715 1054 2806; x_wconf 90' lang='lat' dir='ltr'>qui,</span> <span class='ocrx_word' id='word_1_208' title='bbox 1084 2733 1166 2784; x_wconf 88' lang='lat' dir='ltr'>ac</span> <span class='ocrx_word' id='word_1_209' title='bbox 1196 2709 1282 2784; x_wconf 90' lang='lat' dir='ltr'>de</span> <span class='ocrx_word' id='word_1_210' title='bbox 1304 2712 1541 2795; x_wconf 89' lang='lat' dir='ltr'>venia,</span> <span class='ocrx_word' id='word_1_211' title='bbox 1579 2713 1981 2798; x_wconf 85' lang='lat' dir='ltr'>clementia,</span> <span class='ocrx_word' id='word_1_212' title='bbox 2026 2734 2108 2784; x_wconf 92' lang='lat' dir='ltr'>ac</span> <span class='ocrx_word' id='word_1_213' title='bbox 2145 2710 2443 2804; x_wconf 87' lang='lat' dir='ltr'>antiquis</span> <span class='ocrx_word' id='word_1_214' title='bbox 2481 2711 2801 2805; x_wconf 86' lang='lat' dir='ltr'>legibus,</span> <span class='ocrx_word' id='word_1_215' title='bbox 2844 2709 3293 2810; x_wconf 90' lang='lat' dir='ltr'>moribusque</span> 
     </span>
     <span class='ocr_line' id='line_1_26' title="bbox 891 2805 3294 2898; baseline 0.001 -18"><span class='ocrx_word' id='word_1_216' title='bbox 891 2809 967 2880; x_wconf 86' lang='lat'>&amp;</span> <span class='ocrx_word' id='word_1_217' title='bbox 1009 2805 1622 2881; x_wconf 88' lang='lat' dir='ltr'>consuetudinibus</span> <span class='ocrx_word' id='word_1_218' title='bbox 1679 2805 1923 2878; x_wconf 80' lang='lat' dir='ltr'>Patriae</span> <span class='ocrx_word' id='word_1_219' title='bbox 1946 2859 1967 2894; x_wconf 95' lang='lat'>,</span> <span class='ocrx_word' id='word_1_220' title='bbox 2018 2805 2393 2879; x_wconf 81' lang='lat' dir='ltr'>secundum</span> <span class='ocrx_word' id='word_1_221' title='bbox 2438 2829 2745 2880; x_wconf 87' lang='lat' dir='ltr'>veterem</span> <span class='ocrx_word' id='word_1_222' title='bbox 2803 2806 3243 2884; x_wconf 87' lang='lat' dir='ltr'>confiliorum</span> <span class='ocrx_word' id='word_1_223' title='bbox 3269 2864 3294 2898; x_wconf 88' lang='lat'><strong>‚</strong></span> 
     </span>
     <span class='ocr_line' id='line_1_27' title="bbox 889 2899 3296 3000; baseline 0.002 -24"><span class='ocrx_word' id='word_1_224' title='bbox 889 2903 1572 3000; x_wconf 83' lang='lat' dir='ltr'>Magistratuumque</span> <span class='ocrx_word' id='word_1_225' title='bbox 1625 2902 1984 2988; x_wconf 86' lang='lat' dir='ltr'>ordinem,</span> <span class='ocrx_word' id='word_1_226' title='bbox 2056 2899 2089 2996; x_wconf 94' lang='lat'>(</span> <span class='ocrx_word' id='word_1_227' title='bbox 2138 2923 2349 2998; x_wconf 85' lang='lat' dir='ltr'>prout</span> <span class='ocrx_word' id='word_1_228' title='bbox 2382 2901 2477 2974; x_wconf 91' lang='lat' dir='ltr'>D.</span> <span class='ocrx_word' id='word_1_229' title='bbox 2511 2901 2605 2976; x_wconf 91' lang='lat' dir='ltr'>V.</span> <span class='ocrx_word' id='word_1_230' title='bbox 2654 2899 3024 2996; x_wconf 86' lang='lat' dir='ltr'>aliquando</span> <span class='ocrx_word' id='word_1_231' title='bbox 3062 2910 3147 2980; x_wconf 91' lang='lat' dir='ltr'>ad</span> <span class='ocrx_word' id='word_1_232' title='bbox 3186 2931 3296 2980; x_wconf 89' lang='lat' dir='ltr'>me</span> 
     </span>
     <span class='ocr_line' id='line_1_28' title="bbox 891 2997 3295 3098; baseline 0.001 -24"><span class='ocrx_word' id='word_1_233' title='bbox 891 2998 1158 3098; x_wconf 80' lang='lat' dir='ltr'>scripsit</span> <span class='ocrx_word' id='word_1_234' title='bbox 1197 2999 1228 3086; x_wconf 81' lang='grc'>)</span> <span class='ocrx_word' id='word_1_235' title='bbox 1275 2997 1817 3086; x_wconf 86' lang='lat' dir='ltr'>conservandis,</span> <span class='ocrx_word' id='word_1_236' title='bbox 1873 3020 2014 3069; x_wconf 90' lang='lat' dir='ltr'>non</span> <span class='ocrx_word' id='word_1_237' title='bbox 2049 3019 2360 3092; x_wconf 86' lang='lat' dir='ltr'>magnam</span> <span class='ocrx_word' id='word_1_238' title='bbox 2396 2999 2625 3070; x_wconf 88' lang='lat' dir='ltr'>adhuc</span> <span class='ocrx_word' id='word_1_239' title='bbox 2681 2998 2875 3092; x_wconf 86' lang='lat' dir='ltr'>spem</span> <span class='ocrx_word' id='word_1_240' title='bbox 2924 2998 3097 3072; x_wconf 85' lang='lat' dir='ltr'>fieri.</span> <span class='ocrx_word' id='word_1_241' title='bbox 3146 3001 3295 3076; x_wconf 86' lang='lat' dir='ltr'>Ve-</span> 
     </span>
     <span class='ocr_line' id='line_1_29' title="bbox 888 3093 3296 3189; baseline 0 -20"><span class='ocrx_word' id='word_1_242' title='bbox 888 3096 1042 3169; x_wconf 74' lang='lat' dir='ltr'>rum</span> <span class='ocrx_word' id='word_1_243' title='bbox 1099 3093 1364 3169; x_wconf 85' lang='lat' dir='ltr'>differri</span> <span class='ocrx_word' id='word_1_244' title='bbox 1416 3095 1538 3167; x_wconf 85' lang='lat' dir='ltr'>ista</span> <span class='ocrx_word' id='word_1_245' title='bbox 1597 3097 1987 3189; x_wconf 87' lang='lat' dir='ltr'>prudenter</span> <span class='ocrx_word' id='word_1_246' title='bbox 2028 3093 2113 3164; x_wconf 88' lang='lat' dir='ltr'>ab</span> <span class='ocrx_word' id='word_1_247' title='bbox 2158 3117 2247 3164; x_wconf 89' lang='lat' dir='ltr'>eo</span> <span class='ocrx_word' id='word_1_248' title='bbox 2282 3095 2353 3166; x_wconf 90' lang='lat' dir='ltr'>in</span> <span class='ocrx_word' id='word_1_249' title='bbox 2394 3095 2581 3170; x_wconf 88' lang='lat' dir='ltr'>aliud</span> <span class='ocrx_word' id='word_1_250' title='bbox 2624 3115 2902 3188; x_wconf 88' lang='lat' dir='ltr'>tempus</span> <span class='ocrx_word' id='word_1_251' title='bbox 2940 3095 3062 3168; x_wconf 90' lang='lat' dir='ltr'>sus</span> <span class='ocrx_word' id='word_1_252' title='bbox 3103 3101 3296 3186; x_wconf 87' lang='lat' dir='ltr'>icor,</span> 
     </span>
     <span class='ocr_line' id='line_1_30' title="bbox 889 3187 3299 3286; baseline 0.002 -24"><span class='ocrx_word' id='word_1_253' title='bbox 889 3209 968 3263; x_wconf 88' lang='lat' dir='ltr'>ut</span> <span class='ocrx_word' id='word_1_254' title='bbox 1007 3189 1422 3286; x_wconf 86' lang='lat' dir='ltr'>synagogam</span> <span class='ocrx_word' id='word_1_255' title='bbox 1453 3213 1657 3262; x_wconf 85' lang='lat' dir='ltr'>antea</span> <span class='ocrx_word' id='word_1_256' title='bbox 1699 3213 1860 3264; x_wconf 86' lang='lat' dir='ltr'>cum</span> <span class='ocrx_word' id='word_1_257' title='bbox 1896 3193 2161 3262; x_wconf 86' lang='lat' dir='ltr'>honore</span> <span class='ocrx_word' id='word_1_258' title='bbox 2194 3187 2516 3283; x_wconf 84' lang='lat' dir='ltr'>sepeliat,</span> <span class='ocrx_word' id='word_1_259' title='bbox 2566 3213 2699 3262; x_wconf 88' lang='lat' dir='ltr'>nec</span> <span class='ocrx_word' id='word_1_260' title='bbox 2744 3189 3011 3280; x_wconf 81' lang='lat' dir='ltr'>Ducem</span> <span class='ocrx_word' id='word_1_261' title='bbox 3070 3219 3299 3266; x_wconf 85' lang='lat' dir='ltr'>umma</span> 
     </span>
     <span class='ocr_line' id='line_1_31' title="bbox 891 3281 3300 3384; baseline 0 -24"><span class='ocrx_word' id='word_1_262' title='bbox 891 3287 1312 3360; x_wconf 83' lang='lat' dir='ltr'>authoritate</span> <span class='ocrx_word' id='word_1_263' title='bbox 1354 3286 1540 3380; x_wconf 87' lang='lat' dir='ltr'>apud</span> <span class='ocrx_word' id='word_1_264' title='bbox 1579 3287 1846 3380; x_wconf 84' lang='lat' dir='ltr'>Regem</span> <span class='ocrx_word' id='word_1_265' title='bbox 1886 3307 2131 3358; x_wconf 88' lang='lat' dir='ltr'>contra</span> <span class='ocrx_word' id='word_1_266' title='bbox 2173 3281 2237 3354; x_wconf 90' lang='lat' dir='ltr'>se</span> <span class='ocrx_word' id='word_1_267' title='bbox 2278 3287 2577 3370; x_wconf 83' lang='lat' dir='ltr'>excitet,</span> <span class='ocrx_word' id='word_1_268' title='bbox 2630 3281 3138 3384; x_wconf 82' lang='lat' dir='ltr'>offendatque3</span> <span class='ocrx_word' id='word_1_269' title='bbox 3178 3311 3300 3362; x_wconf 89' lang='lat' dir='ltr'>aut</span> 
     </span>
     <span class='ocr_line' id='line_1_32' title="bbox 945 3379 3298 3480; baseline 0.002 -26"><span class='ocrx_word' id='word_1_270' title='bbox 945 3381 1056 3454; x_wconf 81' lang='lat' dir='ltr'>uia</span> <span class='ocrx_word' id='word_1_271' title='bbox 1115 3406 1194 3454; x_wconf 87' lang='lat' dir='ltr'>ea</span> <span class='ocrx_word' id='word_1_272' title='bbox 1241 3383 1556 3452; x_wconf 86' lang='lat' dir='ltr'>mandata</span> <span class='ocrx_word' id='word_1_273' title='bbox 1613 3403 1692 3452; x_wconf 91' lang='lat' dir='ltr'>ac</span> <span class='ocrx_word' id='word_1_274' title='bbox 1749 3384 2091 3466; x_wconf 83' lang='lat' dir='ltr'>remedia,</span> <span class='ocrx_word' id='word_1_275' title='bbox 2144 3401 2303 3476; x_wconf 78' lang='lat' dir='ltr'>quae</span> <span class='ocrx_word' id='word_1_276' title='bbox 2354 3379 2559 3456; x_wconf 86' lang='lat' dir='ltr'>isthic</span> <span class='ocrx_word' id='word_1_277' title='bbox 2622 3381 2662 3456; x_wconf 67' lang='lat' dir='ltr'>a</span> <span class='ocrx_word' id='word_1_278' title='bbox 2709 3381 2915 3456; x_wconf 71' lang='lat' dir='ltr'>vobis</span> <span class='ocrx_word' id='word_1_279' title='bbox 2948 3406 3298 3480; x_wconf 86' lang='lat' dir='ltr'>concepta</span> 
     </span>
     <span class='ocr_line' id='line_1_33' title="bbox 889 3407 3417 3569; baseline 0.001 -17"><span class='ocrx_word' id='word_1_280' title='bbox 889 3407 1208 3566; x_wconf 49' lang='lat' dir='ltr'>guerunt,</span> <span class='ocrx_word' id='word_1_281' title='bbox 1262 3475 1576 3550; x_wconf 89' lang='lat' dir='ltr'>nondum</span> <span class='ocrx_word' id='word_1_282' title='bbox 1617 3481 1992 3568; x_wconf 86' lang='lat' dir='ltr'>acceperit.</span> <span class='ocrx_word' id='word_1_283' title='bbox 2092 3475 2255 3569; x_wconf 88' lang='lat' dir='ltr'>Ego</span> <span class='ocrx_word' id='word_1_284' title='bbox 2289 3498 2517 3550; x_wconf 86' lang='lat' dir='ltr'>autem</span> <span class='ocrx_word' id='word_1_285' title='bbox 2558 3474 2715 3550; x_wconf 76' lang='lat' dir='ltr'>cum</span> <span class='ocrx_word' id='word_1_286' title='bbox 2750 3481 3153 3555; x_wconf 86' lang='lat' dir='ltr'>valetudine</span> <span class='ocrx_word' id='word_1_287' title='bbox 3178 3485 3303 3554; x_wconf 88' lang='lat' dir='ltr'>im-</span> <span class='ocrx_word' id='word_1_288' title='bbox 3411 3538 3417 3545; x_wconf 80' lang='lat'><em>-</em></span> 
     </span>
     <span class='ocr_line' id='line_1_34' title="bbox 883 3569 3300 3672; baseline 0.002 -25"><span class='ocrx_word' id='word_1_289' title='bbox 883 3577 1206 3672; x_wconf 86' lang='lat' dir='ltr'>peditus,</span> <span class='ocrx_word' id='word_1_290' title='bbox 1260 3597 1342 3650; x_wconf 88' lang='lat' dir='ltr'>ac</span> <span class='ocrx_word' id='word_1_291' title='bbox 1399 3593 1590 3646; x_wconf 87' lang='lat' dir='ltr'>totus</span> <span class='ocrx_word' id='word_1_292' title='bbox 1634 3569 2057 3644; x_wconf 77' lang='lat' dir='ltr'>sedentarius</span> <span class='ocrx_word' id='word_1_293' title='bbox 2112 3569 2331 3644; x_wconf 72' lang='lat' dir='ltr'>fastus</span> <span class='ocrx_word' id='word_1_294' title='bbox 2378 3571 2540 3656; x_wconf 83' lang='lat' dir='ltr'>fim,</span> <span class='ocrx_word' id='word_1_295' title='bbox 2592 3575 2809 3651; x_wconf 82' lang='lat' dir='ltr'>rarius</span> <span class='ocrx_word' id='word_1_296' title='bbox 2855 3599 3015 3648; x_wconf 89' lang='lat' dir='ltr'>eum</span> <span class='ocrx_word' id='word_1_297' title='bbox 3046 3599 3300 3652; x_wconf 84' lang='lat' dir='ltr'>conve·</span> 
     </span>
     <span class='ocr_line' id='line_1_35' title="bbox 886 3664 3301 3768; baseline 0.003 -26"><span class='ocrx_word' id='word_1_298' title='bbox 886 3675 1037 3756; x_wconf 81' lang='lat' dir='ltr'>nire</span> <span class='ocrx_word' id='word_1_299' title='bbox 1069 3669 1381 3768; x_wconf 87' lang='lat' dir='ltr'>possum,</span> <span class='ocrx_word' id='word_1_300' title='bbox 1432 3667 1506 3744; x_wconf 87' lang='lat'>&amp;</span> <span class='ocrx_word' id='word_1_301' title='bbox 1545 3664 1702 3740; x_wconf 77' lang='lat' dir='ltr'>cum</span> <span class='ocrx_word' id='word_1_302' title='bbox 1749 3665 2213 3763; x_wconf 84' lang='lat' dir='ltr'>Hispanicum</span> <span class='ocrx_word' id='word_1_303' title='bbox 2258 3691 2395 3742; x_wconf 89' lang='lat' dir='ltr'>non</span> <span class='ocrx_word' id='word_1_304' title='bbox 2435 3667 2591 3740; x_wconf 83' lang='lat' dir='ltr'>satis</span> <span class='ocrx_word' id='word_1_305' title='bbox 2630 3671 3011 3764; x_wconf 83' lang='lat' dir='ltr'>intelligam</span> <span class='ocrx_word' id='word_1_306' title='bbox 3056 3671 3301 3750; x_wconf 87' lang='lat' dir='ltr'>sermo·</span> 
     </span>
     <span class='ocr_line' id='line_1_36' title="bbox 886 3759 3298 3864; baseline 0.003 -27"><span class='ocrx_word' id='word_1_307' title='bbox 886 3792 1084 3850; x_wconf 86' lang='lat' dir='ltr'>nem,</span> <span class='ocrx_word' id='word_1_308' title='bbox 1159 3791 1315 3842; x_wconf 89' lang='lat' dir='ltr'>cum</span> <span class='ocrx_word' id='word_1_309' title='bbox 1371 3788 1456 3836; x_wconf 90' lang='lat' dir='ltr'>eo</span> <span class='ocrx_word' id='word_1_310' title='bbox 1519 3767 1724 3858; x_wconf 87' lang='lat' dir='ltr'>plene</span> <span class='ocrx_word' id='word_1_311' title='bbox 1777 3759 2101 3835; x_wconf 83' lang='lat' dir='ltr'>conferre</span> <span class='ocrx_word' id='word_1_312' title='bbox 2154 3786 2297 3836; x_wconf 88' lang='lat' dir='ltr'>non</span> <span class='ocrx_word' id='word_1_313' title='bbox 2350 3762 2646 3860; x_wconf 86' lang='lat' dir='ltr'>possum.</span> <span class='ocrx_word' id='word_1_314' title='bbox 2747 3763 3041 3864; x_wconf 80' lang='lat' dir='ltr'>Jamque</span> <span class='ocrx_word' id='word_1_315' title='bbox 3094 3793 3298 3846; x_wconf 84' lang='lat' dir='ltr'>antea</span> 
     </span>
     <span class='ocr_line' id='line_1_37' title="bbox 883 3857 3305 3962; baseline 0.004 -29"><span class='ocrx_word' id='word_1_316' title='bbox 883 3861 1086 3934; x_wconf 85' lang='lat' dir='ltr'>vobis</span> <span class='ocrx_word' id='word_1_317' title='bbox 1128 3860 1308 3956; x_wconf 85' lang='lat' dir='ltr'>saepe</span> <span class='ocrx_word' id='word_1_318' title='bbox 1344 3859 1725 3956; x_wconf 79' lang='lat' dir='ltr'>significavi</span> <span class='ocrx_word' id='word_1_319' title='bbox 1751 3910 1770 3944; x_wconf 92' lang='lat'>,</span> <span class='ocrx_word' id='word_1_320' title='bbox 1825 3859 2043 3954; x_wconf 82' lang='lat' dir='ltr'>Regis</span> <span class='ocrx_word' id='word_1_321' title='bbox 2074 3858 2357 3932; x_wconf 86' lang='lat' dir='ltr'>servitio</span> <span class='ocrx_word' id='word_1_322' title='bbox 2396 3883 2535 3932; x_wconf 88' lang='lat' dir='ltr'>non</span> <span class='ocrx_word' id='word_1_323' title='bbox 2557 3859 2717 3934; x_wconf 83' lang='lat' dir='ltr'>satis</span> <span class='ocrx_word' id='word_1_324' title='bbox 2737 3857 3000 3936; x_wconf 88' lang='lat' dir='ltr'>consuli</span> <span class='ocrx_word' id='word_1_325' title='bbox 3028 3870 3305 3962; x_wconf 86' lang='lat' dir='ltr'>,quod‚</span> 
     </span>
     <span class='ocr_line' id='line_1_38' title="bbox 887 3951 3309 4056; baseline 0.004 -26"><span class='ocrx_word' id='word_1_326' title='bbox 887 3959 1052 4030; x_wconf 85' lang='lat' dir='ltr'>dum</span> <span class='ocrx_word' id='word_1_327' title='bbox 1109 3951 1490 4030; x_wconf 79' lang='lat' dir='ltr'>Praefidalis</span> <span class='ocrx_word' id='word_1_328' title='bbox 1546 3957 1738 4030; x_wconf 88' lang='lat' dir='ltr'>tituli</span> <span class='ocrx_word' id='word_1_329' title='bbox 1793 3956 1967 4027; x_wconf 84' lang='lat' dir='ltr'>mihi</span> <span class='ocrx_word' id='word_1_330' title='bbox 2006 3957 2232 4028; x_wconf 90' lang='lat' dir='ltr'>honor</span> <span class='ocrx_word' id='word_1_331' title='bbox 2270 3956 2729 4054; x_wconf 86' lang='lat' dir='ltr'>relinquitur,</span> <span class='ocrx_word' id='word_1_332' title='bbox 2778 3963 2979 4056; x_wconf 82' lang='lat' dir='ltr'>cujus</span> <span class='ocrx_word' id='word_1_333' title='bbox 3010 3959 3309 4040; x_wconf 68' lang='lat' dir='ltr'>functio-</span> 
     </span>
     <span class='ocr_line' id='line_1_39' title="bbox 885 4051 3307 4148; baseline 0.005 -24"><span class='ocrx_word' id='word_1_334' title='bbox 885 4055 962 4126; x_wconf 90' lang='lat' dir='ltr'>ni</span> <span class='ocrx_word' id='word_1_335' title='bbox 1006 4052 1402 4146; x_wconf 82' lang='lat' dir='ltr'>neutiquam</span> <span class='ocrx_word' id='word_1_336' title='bbox 1453 4075 1579 4148; x_wconf 87' lang='lat' dir='ltr'>par</span> <span class='ocrx_word' id='word_1_337' title='bbox 1623 4051 1758 4128; x_wconf 83' lang='lat' dir='ltr'>effe</span> <span class='ocrx_word' id='word_1_338' title='bbox 1808 4075 2103 4148; x_wconf 88' lang='lat' dir='ltr'>queam,</span> <span class='ocrx_word' id='word_1_339' title='bbox 2162 4052 2439 4126; x_wconf 84' lang='lat' dir='ltr'>alterius</span> <span class='ocrx_word' id='word_1_340' title='bbox 2496 4051 2871 4127; x_wconf 76' lang='lat' dir='ltr'>necess‘ario</span> <span class='ocrx_word' id='word_1_341' title='bbox 2928 4055 3307 4134; x_wconf 86' lang='lat' dir='ltr'>ministerio</span> 
     </span>
     <span class='ocr_line' id='line_1_40' title="bbox 894 4143 3332 4260; baseline 0.002 -36"><span class='ocrx_word' id='word_1_342' title='bbox 894 4147 1353 4256; x_wconf 75' lang='lat' dir='ltr'>Gubernator</span> <span class='ocrx_word' id='word_1_343' title='bbox 1397 4154 1754 4260; x_wconf 70' lang='lat' dir='ltr'>privatur.⁸</span> <span class='ocrx_word' id='word_1_344' title='bbox 1793 4251 1800 4260; x_wconf 13' lang='grc' dir='ltr'>ἡ</span> <span class='ocrx_word' id='word_1_345' title='bbox 1856 4143 2003 4249; x_wconf 69' lang='lat' dir='ltr'>Sed</span> <span class='ocrx_word' id='word_1_346' title='bbox 2056 4149 2196 4224; x_wconf 88' lang='lat' dir='ltr'>hoc</span> <span class='ocrx_word' id='word_1_347' title='bbox 2244 4151 2358 4245; x_wconf 83' lang='lat' dir='ltr'>agi</span> <span class='ocrx_word' id='word_1_348' title='bbox 2384 4147 2731 4260; x_wconf 80' lang='lat' dir='ltr'>suspicor,</span> <span class='ocrx_word' id='word_1_349' title='bbox 2778 4171 2904 4254; x_wconf 74' lang='lat' dir='ltr'>ut,</span> <span class='ocrx_word' id='word_1_350' title='bbox 2956 4159 3332 4246; x_wconf 64' lang='lat' dir='ltr'>veteribus.</span> 
     </span>
     <span class='ocr_line' id='line_1_41' title="bbox 2237 4273 3295 4326; baseline -0.002 0"><span class='ocrx_word' id='word_1_351' title='bbox 2237 4292 2245 4303; x_wconf 89' lang='lat'>·</span> <span class='ocrx_word' id='word_1_352' title='bbox 3100 4273 3295 4326; x_wconf 78' lang='lat' dir='ltr'>mim-</span> 
     </span>
    </p>
   </div>
   <div class='ocr_carea' id='block_1_3' title="bbox 2148 4301 2253 4356">
    <p class='ocr_par' dir='ltr' id='par_1_3' title="bbox 2148 4301 2253 4356">
     <span class='ocr_line' id='line_1_42' title="bbox 2148 4301 2253 4356; baseline 0 -5"><span class='ocrx_word' id='word_1_353' title='bbox 2148 4301 2253 4356; x_wconf 57' lang='lat' dir='ltr'>,Q</span> 
     </span>
    </p>
   </div>
  </div>
 </body>
</html>
