3700 4884
910 376 1090 489 6050
1146 362 1635 473 vloml
1690 385 1829 457 AB
1888 342 2400 455 AYTTA
2456 280 3246 456 zaim-:temp

902 574 1133 647 frum*
1166 564 1265 644 est
1292 620 1317 651 ‚
1362 562 1646 661 singulae
1704 556 2104 635 Provincia&
2138 615 2158 648 ‚
2225 558 2317 636 τιό
2371 562 2541 661 quid
2573 554 3108 638 fdtdrirnenti'ex
3139 576 3366 642 mora

919 666 1255 764 Majestas
1292 663 1409 735 sua
1444 680 1767 762 caperet,
1818 657 2293 762 persolverent
2310 684 2338 738 ι,
2379 662 2449 733 id
2487 658 2850 755 aegerrime
2889 652 3374 757 ’Eiffllentia

908 764 1045 839 ‘fisa
1086 764 1291 849 tulit,
1344 757 1463 831 etfi
1497 760 1569 831 ‘ei
1608 754 1968 832 sententiae
2025 758 2302 843 caeteri,
2331 753 2475 855 'qui
2527 756 2602 829 in
2641 752 2964 829 ‘Consilio
3017 759 3362 847 aderant,

917 880 1217 958 quoque
1268 854 1882 953 adstipulabantur.
2428 867 2440 877 ·

1032 956 1394 1047 Quoniam
1438 974 1667 1026 autem
1708 974 1954 1024 vereor
1984 974 2071 1028 ne
2115 950 2208 1023 ob
2261 968 2410 1022 eam
2448 974 2592 1024 rem
2627 972 2736 1023 me
2771 946 2953 1025 forte
2987 952 3177 1045 apud
3205 948 3362 1026 Re-

932 1056 1119 1150 giam
1174 1052 1603 1145 Majestatem
1650 1046 1921 1145 sugillet
1957 1099 1979 1135 ‚
2033 1067 2104 1119 te
2151 1050 2356 1121 etiam
2417 1068 2629 1143 atque
2663 1050 2871 1121 etiam
2904 1062 3128 1147 ro‘g'o,
3181 1068 3260 1120 ut
3303 1048 3362 1123 fi

928 1154 1103 1249 quid
1151 1152 1285 1222 tale
1334 1148 1725 1243 intelligas,
1774 1168 1929 1219 meo
1961 1148 2237 1218 nomine
2284 1140 2788 1239 Majestati'suae
2827 1142 3210 1242 supplices,
3263 1168 3361 1221 ne

932 1272 1141 1345 quam
1202 1243 1532 1316 linistram
1586 1244 1671 1317 de
1720 1267 1827 1315 me
1881 1244 2282 1337 opinionem
2347 1264 2590 1314 contra
2633 1242 3024 1315 inauditum
3076 1244 3354 1315 induat.

928 1346 1097 1418 Fuit
1130 1344 1309 1416 enim
1362 1339 1631 1439 semper
1690 1342 1759 1411 in
1811 1336 2130 1411 Consilio
2195 1339 2492 1411 liberum
2544 1335 2914 1412 sententias
2968 1338 3117 1413 suas
3183 1360 3352 1436 pro-

930 1442 1157 1525 ferre,
1209 1439 1382 1511 citra
1436 1440 1525 1511 ali
1582 1458 1737 1509 uam
1770 1434 2464 1519 ‚Gubernatorisseu
2511 1436 2883 1530 cujuslibet
2915 1438 3197 1509 alterius
3247 1440 3353 1509 in-

934 1535 1436 1633 dignationem.
1570 1534 1632 1605 't
1666 1554 2066 1629 quanquam
2105 1556 2246 1606 non
2283 1533 2595 1634 ignorem
2631 1530 2776 1628 ejus
2811 1536 3352 1622 authoritatem,

931 1654 1171 1708 'tamen
1216 1631 1375 1705 cum
1420 1654 1661 1705 omnes
1695 1634 1765 1702 in
1814 1624 2126 1704 Consilio
2163 1628 2250 1702 ab
2285 1635 2429 1725 ejus
2463 1628 2799 1703 sententia
2848 1628 3349 1723 abhorrerent,

938 1728 1312 1823 statusque
1360 1749 1598 1800 omnes
1670 1728 1870 1799 enixe
1925 1726 2114 1799 idem
2179 1728 2762 1821 deprecarentur,
2831 1731 3364 1823 populumque,

940 1829 1141 1920 cujus
1171 1848 1353 1911 vox,
1406 1820 1477 1895 D
1500 1844 1583 1894 ει
1634 1846 1781 1896 vox
1813 1822 1946 1909 est,
1983 1824 2391 1897 tumultuari
2429 1838 2872 1917 vererentur,
2925 1845 3068 1895 non
3099 1826 3348 1898 ίηεῑοτιὅ

940 1920 1125 1997 fulto
1174 1918 1345 1993 mihi
1392 1918 1616 1992 visum
1672 1920 1843 2009 fuit,
1899 1942 1974 1995 ut
2019 1920 2158 1994 hoc
2203 1920 2358 1993 casu
2407 1910 2610 2005 Rex,
2659 1922 2853 2015 cujus
2897 1918 3212 2017 suprema
3251 1918 3358 1998 est

936 2020 1368 2105 authoritas,
1422 2015 1913 2092 consuleretur.
2013 2014 2204 2090 Bene
2251 2017 2440 2101 vale,
2499 2014 2666 2089 CL.
2709 2014 2805 2088 D.
2857 2013 3358 2107 Horruuu,

944 2116 1375 2213 conjugique
1429 2137 1510 2186 ac
1562 2114 1689 2186 toti
1731 2112 2010 2187 familiae
2056 2116 2420 2209 plurimam
2471 2113 2709 2209 quaeso
2763 2135 2850 2187 ex
2908 2136 3015 2186 me
3053 2113 3358 2189 salutem

940 2212 1159 2288 dicas,
1213 2210 1582 2284 Bruxellae.
1628 2206 1966 2285 Postridie
2007 2210 2165 2285 Cal.
2217 2206 2570 2285 oetobris.
2612 2232 2737 2282 cro
2779 2231 2860 2282 ιο
2897 2232 3109 2284 Lxxrz

1236 2412 2252 2507 EPISToLA
2367 2380 3102 2513 CXLVII.

950 2612 1325 2715 'Albanus
1352 2621 1617 2738 super
1672 2654 1757 2709 x.
1820 2619 2151 2711 ⁴denario
2203 2622 2545 2740 persistit
2599 2632 2680 2723 in
2713 2624 3114 2739 sententia
3133 2690 3161 2732 ,
3217 2654 3369 2719 mo-

1068 2738 1520 2824 derationes
1560 2744 1882 2823 interim
1915 2737 2278 2844 offerens.
2403 2739 2720 2847 Confilii
2754 2750 3074 2857 privati
3104 2744 3180 2856 s
3271 2772 3368 2829 er

1066 2878 1161 2937 eo
1201 2846 1723 2964 supplicam),
1772 2872 1932 2965 pro
1989 2875 2198 2967 qua,
2259 2848 2374 2943 C?
2401 2874 2557 2967 pro
2583 2853 2684 2967 se
2719 2874 3074 2973 quoque,
3132 2768 3361 2973 322>-

1068 2969 1258 3081 peri
1311 2965 1536 3081 apud
1581 2960 1890 3081 Regem
1943 2972 2488 3081 patrocinium
2535 2976 2769 3083 petit,
2849 3002 2858 3011 ·

958 3180 1221 3345 CL.
1286 3184 1383 3258 D.
1452 3182 1914 3257 Horren.
1967 3186 2289 3261 Secunda
2337 3186 2536 3281 hujus
2585 3188 2828 3265 meniis
2859 3191 3094 3267 die'ad
3135 3190 3236 3266 D.
3271 3176 3368 3271 T.

1182 3284 1530 3355 novissime
1561 3278 1791 3377 scripsi
1812 3333 1834 3367 ‚
1873 3284 2168 3379 postque
2199 3284 2375 3357 illud
2415 3308 2700 3383 tempus
2740 3288 3378 3386 nihil'hic'magno·

964 3400 1136 3479 pere
1168 3374 1425 3473 scriptu
1458 3382 1742 3474 dignum
1799 3377 2076 3453 accidit.
2496 3383 2504 3392 '
2613 3380 2624 3393 ’
2857 3389 2864 3400 ’
3110 3432 3118 3441 -

1070 3471 1308 3547 Status
1342 3527 1360 3560 ,
1414 3478 1535 3571 qui
1595 3476 1681 3545 de
1723 3473 1996 3548 decimo
2037 3476 2324 3550 denario
2364 3475 2777 3573 gravissimas
2823 3484 3134 3578 querelas
3179 3482 3373 3559 Duci

970 3572 1332 3654 obtulere,
1380 3572 1687 3641 nondum
1720 3572 1894 3660 hinc·
1927 3570 2162 3645 dimisti
2192 3572 2346 3646 sunt
2370 3624 2391 3657 ,
2420 3598 2858 3671 quanquam,
2909 3602 3240 3673 quantum
3275 3584 3379 3655 in·

964 3670 1283 3765 telligere
1318 3663 1707 3763 poffumus,
1760 3666 2239 3743 Illu‘strissimus
2298 3669 2466 3742 Dux
2509 3674 2770 3762 noster,
2820 3680 3017 3749 nullo
3051 3674 3257 3771 pasto
3307 3676 3381 3755 se

971 3767 1059 3840 ab
1115 3762 1479 3859 proposito
1522 3766 1775 3837 diverti
1810 3760 2025 3849 finer,
2075 3762 2440 3865 speratque
2487 3768 2552 3842 se
2597 3770 2834 3867 ,aliqua
2866 3774 3196 3867 ampliore
3239 3798 3386 3847 mc-

880 3880 895 3891 ·
974 3861 1331 3936 deratione
1370 3864 1647 3935 illorum
1687 3863 2152 3957 querimonias
2203 3867 2676 3959 mitigaturum
2723 3864 2906 3943 effe:
2959 3868 3200 3943 verum
3239 3874 3390 3945 val·

973 3958 1063 4030 de
1104 3982 1399 4047 vereor,
1448 3982 1533 4032 ne
1589 3983 1667 4033 ea
1713 3962 2025 4037 contenti
2089 3957 2217 4031 fint
2280 3960 2551 4047 futuri,
2618 3962 2778 4037 cum
2835 3986 2978 4041 tam
3037 3970 3391 4045 evidentia

975 4052 1109 4129 fint
1140 4056 1429 4139 damna,
1481 4079 1637 4151 quae
1690 4058 1849 4129 inde
1895 4060 2002 4130 his
2061 4058 2455 4133 Provinciis
2503 4062 2862 4135 imminent
2889 4114 2907 4145 ,
2957 4084 3039 4138 ac
3081 4086 3208 4137 nos
3243 4070 3395 4161 qui·

969 4153 1127 4227 dem
1162 4155 1259 4227 illi
1307 4151 1567 4245 scripto
1608 4152 2188 4249 supplicavimus,
2241 4176 2319 4227 ut
2353 4160 2586 4252 quoad
2621 4154 2836 4255 usque
2889 4156 3116 4255 Regia
3167 4162 3388 4259 Maje·

966 4246 1103 4325 stas
1148 4250 1363 4347 plene
1407 4246 1904 4365 informaretur
1927 4300 1977 4364 ,⁹
2013 4252 2418 4331 dilationem
2469 4256 2887 4332 concederet
2915 4310 2940 4351 ,
2977 4258 3393 4353 intereaque

3121 4378 3378 4453 quotas
