3700 4884
2108 157 2123 187 Ι

387 351 1044 501 EPJSTOLAE·
1092 399 1272 496 'AD
1306 375 1738 516 JoAcH.
1777 395 2491 500 HOPPERUM.
2551 424 2657 528 555
2674 429 2711 502 ι

316 657 326 669 .
379 589 927 675 'Denneterium
983 589 1380 673 meliuscule
1446 599 1684 670 valere
1744 598 2035 691 gaudeo.
2134 596 2397 674 Verum
2450 599 2497 672 fi
2550 621 2716 676 con·-

316 717 566 792 ceptos
613 699 938 769 humores
983 696 1266 791 penitus
1307 713 1630 791 excutere
1663 693 2022 787 nequibit,
2072 715 2216 765 non
2261 697 2451 769 aliud
2486 697 2711 774 habeo

303 787 676 868 Consilium
704 843 726 878 ,
779 787 988 886 quam
1019 787 1212 886 quod
1245 811 1467 885 nuper
1498 785 1884 884 perscripsi.
2586 825 2595 832 ·

304 929 312 937 -
415 889 512 961 D.
564 887 1018 984 Tysenachio
1055 909 1330 963 omnem
1362 885 1891 980 prosperitatem
1938 903 2116 978 opto
2130 933 2156 971 ,
2206 907 2286 960 ut
2319 909 2522 984 quam
2560 890 2709 964 cerss·

295 984 552 1060 ‚tiffime
594 983 954 1058 nobiscum
994 981 1098 1056 fit.
1149 982 1564 1056 Subodoror
1597 997 1868 1065 autem,
1923 979 2108 1054 Duci
2147 1007 2305 1055 eum
2341 1007 2483 1056 non
2504 999 2701 1079 aeque

309 1100 588 1176 gratum
649 1079 848 1166 fore,
895 1079 1015 1152 sed
1069 1077 1192 1151 ubi
1250 1077 1544 1171 propius
1593 1097 1751 1146 eum
1797 1079 2249 1170 cognoverit,
2299 1076 2703 1155 ffintentiam

307 1168 740 1252 mutaturum
776 1176 1009 1270 spere.
1113 1169 1274 1272 Ego
1309 1193 1497 1261 certe
1525 1171 1897 1266 plurimum
1925 1174 2126 1246 laetor
2164 1197 2271 1246 me
2306 1197 2392 1245 ex
2418 1179 2559 1249 hoc
2596 1176 2703 1272 piss

297 1273 531 1348 {irino
555 1271 868 1344 liberari.
949 1267 1376 1361 Pergratum
1413 1268 1582 1338 mihi
1609 1266 1739 1337 erit
1761 1315 1782 1349 ,
1833 1264 1883 1336 fi
1919 1265 2266 1341 Folcardo
2298 1271 2493 1344 lccus
2515 1275 2699 1368 apud

294 1363 676 1461 Principes
725 1365 1078 1438 Bohemos
1139 1365 1544 1456 contingere
1591 1377 1798 1456 queat
1829 1415 1850 1448 ‚
1896 1363 1969 1434 &
1998 1384 2177 1458 puto
2214 1359 2700 1460 imperatorem

298 1474 458 1537 n'on
503 1463 577 1534 id
621 1480 904 1556 gravate
953 1462 1027 1532 in
1055 1481 1276 1532 meam
1319 1458 1608 1553 gratiam
1638 1454 2131 1532 concessurum.
2232 1459 2499 1534 Verum
2530 1465 2696 1558 inje-

283 1562 410 1634 cit
439 1558 614 1632 mihi
653 1555 746 1627 D.
783 1558 878 1631 T.
915 1555 1310 1650 scrupulum
1333 1607 1352 1642 ‚
1403 1556 1600 1648 quod
1652 1570 1840 1624 tanta
1897 1554 1998 1626 illi
2028 1552 2288 1627 summa
2322 1553 2695 1652 quotannie'

285 1677 348 1731 ο
407 1663 489 1730 ‘us
527 1651 694 1728 'fore
725 1649 1022 1735 scribat,
1071 1665 1398 1746 quantam
1447 1647 1596 1721 filio
1630 1671 1991 1723 numerare
2036 1651 2204 1722 mihi
2237 1655 2453 1746 grave
2490 1651 2693 1728 foret:

388 1741 594 1846 eque'·
622 1750 802 1823 enirn
847 1749 1098 1824 vestitu
1136 1745 1504 1840 sumt-uque
1541 1741 1893 1839 superfluo
1918 1798 1938 1832 ,
1988 1744 2102 1817 sed
2134 1749 2373 1843 potius
2413 1749 2690 1844 humili-¹

285 1861 488 1931 tate,
539 1843 982 1933 obedientia,
1033 1863 1114 1915 ac
1161 1838 1477 1937 diligenti
1515 1839 1865 1932 servitio,
1914 1839 2237 1937 fideque,
2290 1847 2556 1919 domini
2597 1844 2693 1926 sui

283 1944 596 2038 :gratiam
623 1941 1030 2036 promereri
1071 1939 1266 2010 illum
1313 1938 1522 2009 velim
1557 1959 1575 2008 z
1627 1959 1708 2009 ac
1752 1938 1824 2005 in
1858 1935 2249 2030 hujusmodi
2290 1937 2692 2037 Principum!

295 2040 472 2113 aulis
529 2035 913 2110 mansiones
965 2034 1200 2105 multae
1249 2031 1443 2111 sunt,
1488 2029 1934 2122 nostrumque
1954 2029 2086 2104 suo
2122 2034 2187 2105 se
2220 2035 2405 2128 pede
2460 2033 2691 2109 metiri

283 2143 382 2207 ae
426 2131 722 2226 seipsum
749 2128 964 2204 noss‘e
1009 2129 1241 2202 velim.
1342 2125 1514 2197 Non
1561 2127 1838 2218 ignorat
1880 2129 2063 2200 enim
2106 2128 2549 2222 paternarum
2588 2131 2694 2204 fa·

281 2232 640 2304 cultamm
687 2227 1136 2306 tenuitatem,
1187 2223 1260 2294 &
1319 2242 1428 2322 me
1483 2243 1688 2312 quarn
1731 2221 2075 2316 plurimos
2101 2225 2361 2298 habere
2398 2223 2695 2320 nepote&

281 2320 718 2420 neptesque,
751 2322 890 2418 'qui
927 2341 1080 2393 mea
1106 2316 1568 2390 beneficentia
1593 2335 1794 2409 aeque
1833 2315 2162 2410 indigent.
2216 2318 2693 2408 Quamobrem
2788 2406 2792 2412 q

289 2439 636 2513 cuperem
655 2439 826 2490 eum
857 2414 930 2487 in
969 2411 1310 2512 diciorum
1364 2411 1774 2505 Principum
1830 2411 2016 2486 Aula
2046 2417 2147 2498 illi
2189 2417 2427 2489 locum
2468 2417 2695 2493 obtin-

285 2535 464 2609 gere
485 2565 504 2600 ,
558 2535 697 2608 quo
739 2510 1117 2584 ministerio
1147 2506 1273 2580 suo
1305 2504 1657 2592 astriEtuS,
1707 2509 1778 2579 in
1811 2507 1965 2579 'otio
2003 2531 2085 2584 ac
2115 2515 2284 2584 luxu
2318 2513 2536 2586 vitam
2568 2515 2687 2590 de-

286 2610 542 2694 flendi,
596 2610 668 2682 δι
705 2631 814 2680 me
861 2602 1222 2700 superfluis
1255 2601 1640 2703 sumptibus
1672 2605 2063 2697 gravandi,
2115 2609 2337 2681 omnis
2385 2612 2450 2684 ei
2482 2620 2689 2686 occa*

165 2749 180 2758 -
278 2673 385 2778 ῗῗό
443 2701 731 2798 praecisa
801 2701 988 2776 esset.
1046 2699 1312 2791 ‘Quod
1365 2696 1414 2771 fi
1471 2709 1699 2772 tamen
1746 2700 2017 2794 aliquid
2048 2701 2337 2790 subinde
2375 2706 2681 2802 adjicere

277 2798 567 2880 summae
621 2822 780 2893 300.
843 2795 1276 2873 florenorum
1325 2817 1504 2892 opus
1561 2797 1699 2869 erit
1729 2845 1753 2878 ,
1813 2799 2027 2870 modo
2076 2801 2263 2874 ‘bene
2342 2800 2409 2876 se
2486 2797 2687 2898 gerat!

277 2918 426 2972 non
461 2894 808 2970 difficilem
845 2919 958 2969 me
992 2896 1418 2988 praebiturus
1463 2889 1634 2964 sum.
1712 2887 1834 2975 ‚Et
1878 2915 2066 2968 certe
2107 2894 2367 2969 etiamsi
2404 2896 2683 2972 dimenss-

274 2991 426 3072 sum
465 2991 649 3068 forte
703 2993 1168 3088 duplicarem,
1216 2987 1495 3064 vererer
1531 3003 1764 3063 tamen
1793 3009 1885 3061 ne
1922 2992 2259 3085 majorum
2294 2993 2685 3088 impendio:

277 3111 438 3163 rum
492 3085 926 3163 occasionem
955 3085 1120 3158 inde
1157 3088 1549 3177 acciperet,
1595 3083 1759 3158 cum
1803 3106 1885 3155 ea
1922 3103 2088 3158 aetas
2130 3085 2502 3162 difficulter
2534 3083 2683 3163 mo*-

271 3188 450 3259 dum
498 3203 731 3258 tenere
781 3183 948 3255 sciat
997 3203 1014 3255 z
1063 3201 1143 3255 ut
1198 3201 1279 3254 ut
1335 3177 1475 3269 est,
1522 3201 1670 3255 rem
1736 3199 1957 3250 totam
1989 3199 2129 3254 tuae
2158 3184 2547 3278 prudentiae
2576 3209 2680 3261 ar-

273 3280 638 3374 bitrioque
669 3280 1029 3376 permittO.
1337 3287 1354 3302 ⁰
1896 3325 1924 3346 .·
2048 3337 2058 3342 -
2106 3281 2121 3314 ²
2190 3327 2195 3336 -
2282 3271 2306 3356 ῗ
2697 3345 2707 3352 .

371 3374 688 3469 Nuptias
739 3371 1134 3447 consobrini
1179 3373 1282 3444 tui
1328 3395 1486 3446 cum
1545 3367 1782 3448 sorore
1835 3377 1985 3474 ejus
2011 3377 2323 3453 hilariter
2360 3379 2675 3478 peraetas

271 3469 493 3548 frater
547 3469 830 3558 scribit3
880 3493 963 3544 ac
1010 3468 1110 3542 D.
1162 3467 1426 3552 Comes
1462 3468 1810 3565 Meganus
1849 3475 1939 3564 in,
1967 3471 2423 3572 refignatione
2451 3479 2672 3553 Grie·

271 3573 474 3644 teniae
511 3566 586 3638 in
627 3588 817 3640 tuam
854 3587 1215 3662 meamque
1253 3566 1544 3661 gratiam
1573 3588 1717 3638 non
1798 3591 2030 3657 ravate
2064 3573 2419 3647 consentit.
2526 3577 2535 3588 ’
2650 3569 2677 3580 ’“

364 3660 1060 3739 salamanticenfibus
1103 3661 1242 3758 jam
1299 3681 1496 3735 antea
1557 3659 1740 3760 scrip
1767 3683 1792 3736 1
1823 3718 1850 3751 ,
1919 3689 2273 3765 quantam·
2298 3672 2671 3764 pecuniam

273 3759 408 3834 illis
457 3763 828 3858 quotannis
885 3781 1173 3854 erogare
1223 3754 1713 3832 constituissem
1761 3813 1786 3851 ,
1843 3765 2271 3858 placereque
2326 3765 2541 3850 mihi,
2589 3785 2673 3840 ut

263 3873 624 3954 acceptam
671 3853 874 3933 isthic
928 3855 974 3930 ὲ
1029 3854 1564 3938 mercatoribus,
1617 3855 1740 3927 hic
1791 3861 1925 3948 -ubi
1951 3861 2211 3930 certior
2250 3853 2472 3931 faetus
2504 3885 2667 3952 er0,·

273 3975 393 4029 reu
400 3952 884 4051 umerem.Cup
891 3976 1072 4030 erem
1099 3974 1332 4030 autem
1346 3973 1428 4024 ut
1439 3949 1844 4046 Hispanicae
1858 3952 2120 4046 linguae
2135 3953 2537 4048 diligentem
2552 3961 2673 4035 da·

269 4068 428 4138 rent
471 4073 750 4146 operam
775 4107 796 4141 ‚
831 4075 972 4148 quo
991 4101 1014 4135 ,
1039 4047 1086 4121 fi
1106 4050 1205 4124 ita
1251 4048 1604 4122 videbitur
1624 4098 1645 4131 ,
1665 4043 1905 4120 futura
1952 4049 2177 4123 aestate
2195 4049 2462 4128 Italiam
2476 4059 2669 4133 adire

266 4145 576 4248 pemati
603 4170 684 4226 ut
719 4149 974 4227 Romae
1024 4153 1053 4238 (
1104 4145 1386 4243 quando
1391 4141 1764 4314 ffononiae
1794 4161 1917 4236 aut
1946 4146 2110 4236 alibi
2142 4154 2670 4324 propterdirgber-

289 4277 376 4317 .·
859 4247 1796 4332 ‘·'.‘=“-.·a,aaz'
2198 4311 2294 4343 =.
2430 4249 2667 4360 -i¹⁰‘’‡
