3700 4884
912 346 1087 470 796
1138 345 1625 453 VIGLII
1682 364 1819 439 ΑΒ
1879 342 2398 439 AYTTA
2457 336 3198 439 ZUICHEMI

921 547 1153 623 batem
1208 549 1441 622 Sancti
1522 546 1807 619 Claudii
1850 546 1924 617 in
1967 544 2216 617 itinere
2267 542 2485 619 febris
2541 544 2958 637 corripuerit
2975 596 3010 632 ,
3051 567 3182 620 uec
3221 542 3358 619 sci-

926 666 1125 732 muS,
1176 669 1263 716 an
1294 647 1413 739 qui
1444 643 1531 713 ad
1560 664 1691 715 vos
1738 644 2108 715 mittuntur
2143 640 2433 737 Legati,
2486 660 2688 715 antea
2753 638 3164 735 Burgundia
3217 665 3348 715 ex·

928 742 1223 825 cedent,
1278 740 1483 835 quam
1513 740 1647 811 illis
1681 740 2158 811 renunciatum
2197 735 2442 823 fuerit,
2495 740 2794 831 qualiter
2827 739 2991 822 alii,
3043 738 3168 831 qui
3201 736 3348 813 huc

929 835 1097 907 miffi
1134 832 1331 923 sunt,
1383 836 1501 908 hic
1554 835 1833 928 excepti
1887 832 2169 907 fuerint.
2273 832 2550 906 Interea
2605 830 2866 905 Psaeses
2917 830 3348 927 Burgundiae

926 934 1186 1023 partim
1216 952 1305 1003 ex
1336 952 1631 1003 moerore
1651 978 1677 1017 ,
1723 930 1977 1023 partim
2018 951 2107 999 ex
2143 928 2562 1003 valetudinis
2596 929 3106 1013 imbecillitate,
3157 930 3348 1002 diem

928 1024 1176 1097 clausit
1218 1047 1623 1099 extremum.
1742 1024 1856 1097 Ac
1893 1022 2234 1096 Blaserius
2282 1024 2490 1097 1301ae
2529 1046 2688 1097 cum
2735 1021 3041 1095 Boillino
3081 1047 3346 1119 agens,

934 1138 1018 1192 ut
1056 1117 1429 1193 visitationi
1470 1119 1679 1193 finem
1713 1121 2070 1213 imponat,
2120 1120 2209 1195 de
2255 1142 2330 1195 re
2363 1116 2550 1216 quafi
2589 1138 2738 1191 tota
2767 1115 3128 1212 desperat,
3178 1119 3344 1193 cum

926 1218 1245 1310 plerique
1282 1216 1479 1289 isthic
1506 1215 1927 1303 existiment,
1977 1236 2138 1287 cum
2171 1216 2684 1290 ordinationum
2717 1214 3137 1299 abolitione,
3183 1214 3347 1288 vifi-

928 1314 1267 1383 tationem
1310 1333 1530 1384 totam
1564 1312 1702 1385 uua
1734 1311 2191 1390 interituram.
2295 1309 2604 1405 Hujuice
2650 1330 2879 1382 autem
2907 1312 3342 1385 alterationis

934 1408 1214 1499 culpam
1236 1410 1553 1503 plerique
1584 1405 2031 1481 Senator-ibus
2047 1402 2452 1503 quibusdam
2474 1404 2884 1501 potiflimum
2909 1405 3342 1493 attribuunt,

938 1504 1064 1597 qui
1102 1522 1179 1574 ut
1219 1526 1485 1576 errores
1516 1502 1673 1576 suos
1704 1498 2082 1597 abususque
2121 1499 2507 1583 defendant
2535 1522 2832 1575 caeteroe
2872 1504 2960 1575 ad
3005 1504 3132 1575 has
3169 1526 3342 1597 que·

932 1600 1265 1669 rimonias
1308 1598 1747 1673 exstimulant
1765 1646 1789 1681 ,
1837 1598 2005 1671 licet
2049 1599 2368 1693 plerique
2421 1598 2588 1669 boni
2629 1598 2703 1669 &
2733 1598 3114 1689 prudentes
3153 1600 3337 1684 viri,

936 1690 1415 1767 ordinationes
1474 1714 1691 1779 novas
1758 1694 2136 1785 plurimum
2192 1690 2396 1765 reclae
2437 1692 2716 1787 justitiae
2766 1689 3344 1767 administrationi

934 1791 1311 1862 convenire
1364 1810 1448 1863 ac
1507 1784 1823 1885 prodess‘e
1842 1838 1866 1872 ,
1932 1790 2322 1883 comperire
2365 1784 2432 1861 se
2479 1787 2833 1870 testentur,
2937 1786 3054 1861 De
3099 1786 3332 1861 surro-

930 1882 1169 1979 gando
1218 1886 1355 1959 alio
1404 1880 1694 1959 Praefide
1730 1906 1873 1957 non
1913 1884 2196 1955 minima
2223 1884 2573 1959 exorietur
2609 1880 2999 1957 difficultas.
3097 1881 3336 1957 Palam

936 1998 1168 2049 autem
1202 1980 1469 2053 constat
1492 2028 1518 2064 ,
1566 2002 1653 2055 ex
1690 1974 1853 2052 otto
1884 2000 2067 2075 pene
2099 2001 2440 2053 annorum
2480 1977 2815 2051 dilatione
2848 1980 3152 2075 ,quibus
3191 1980 3336 2053 hoc

935 2072 1243 2147 officium
1290 2097 1615 2158 vacarat,
1664 2076 1882 2147 multa
1925 2074 1998 2145 in
2050 2068 2305 2169 Remp.
2352 2076 2540 2149 vicia
2595 2071 2950 2170 irrepliss‘e.
3051 2074 3152 2149 Et
3205 2076 3334 2149 hic

936 2192 1086 2265 quo
1140 2194 1224 2241 ue
1262 2171 1519 2243 Secreti
1551 2168 1845 2245 Confilii
1897 2174 2230 2243 autoritas
2281 2168 2716 2255 collabescit,
2765 2172 2930 2243 dum
2979 2172 3053 2242 in
3095 2174 3336 2245 locum

935 2193 1293 2350 Praessdiffi
1345 2268 2000 2361 demortuorumque
2037 2263 2600 2341 Confiliariorum
2639 2286 2846 2339 nemo
2877 2264 3336 2340 substituitur.

931 2358 1203 2433 Verum
1236 2360 1579 2457 speramus
1628 2360 1737 2434 Re
1786 2362 1918 2433 iam
1951 2359 2369 2459 Majestatem
2400 2356 2776 2459 aliquando
2791 2368 3036 2437 oculos
3053 2384 3342 2461 apertu·

930 2478 1119 2540 ram,
1170 2456 1244 2530 &
1279 2454 1487 2551 Reip.
1534 2462 1740 2551 provi
1771 2479 1987 2531 uram.

1032 2550 1287 2625 Sextus
1320 2552 1463 2646 jam
1498 2553 1725 2647 agitur
1760 2554 1949 2638 dies,
1997 2554 2190 2647 quod
2219 2554 2433 2628 nostri
2467 2552 2810 2653 Deputati
2849 2553 3015 2629 hinc
3048 2576 3138 2627 ex
3159 2550 3334 2625 Ant·

932 2650 1179 2741 verpia
1234 2648 1323 2719 ad
1386 2650 1621 2719 locum
1646 2702 1669 2733 ,
1734 2648 1858 2718 ubi
1925 2650 2456 2724 communicatio
2517 2654 2904 2727 instituetur
2942 2700 2963 2733 ,
3029 2646 3336 2745 profeffl

928 2739 1088 2817 sunt
1113 2792 1136 2830 ,
1186 2740 1301 2815 sed
1336 2740 1645 2817 nondum
1676 2744 1918 2817 audire
1963 2744 2161 2818 licuit
2215 2749 2472 2841 ecquid
2529 2748 2873 2845 principia
2919 2744 3330 2819 succedent.

934 2835 1157 2925 Quod
1199 2832 1247 2907 fi
1284 2854 1518 2909 autem
1573 2836 1817 2910 frustra
1860 2842 2014 2909 haec
2061 2830 2450 2935 pacificatio
2485 2844 2874 2917 instituetur
2905 2893 2928 2927 ,
2997 2842 3326 2935 plerique

890 2930 1405 3008 ·confufione1n
1440 2954 1667 3005 rerum
1693 2934 1896 3007 nobis
1933 2938 2362 3025 ominamur,
2411 2961 2620 3033 quam
2661 2938 2916 3013 Duus
2967 2958 3329 3023 avertere,

930 3031 1009 3104 &
1060 3030 1243 3124 Regi
1292 3026 1573 3102 consilia
1609 3026 1978 3123 suggerere
2039 3029 2477 3123 dignabitur,
2541 3058 2834 3129 quorum
2884 3033 3072 3129 spem
3123 3033 3328 3105 nobis

930 3124 1281 3197 noviffima
1324 3122 1417 3195 D.
1454 3113 1883 3233 TQf-pistola
1937 3127 2289 3199 excitavit.
2387 3128 2610 3203 Porro
2645 3134 2733 3204 de
2780 3128 3163 3224 Majestatis
3198 3150 3326 3199 vo·

931 3222 1194 3295 luntate
1224 3244 1303 3295 ac
1328 3216 1661 3291 sententia
1692 3223 1879 3293 circa
1897 3217 2372 3295 tractationem
2405 3228 2634 3323 pacis,
2658 3228 2834 3299 nihil
2861 3226 3064 3299 nobis
3097 3222 3328 3297 haste-

928 3337 1061 3387 nus
1105 3314 1345 3386 videre
1390 3314 1625 3397 licuit,
1678 3314 1752 3389 &
1801 3313 1931 3389 scis
1976 3338 2182 3410 quam
2227 3318 2689 3413 periculosum
2725 3320 2850 3405 fit,
2903 3340 3042 3393 tam
3073 3342 3325 3415 graves

926 3408 1157 3485 causas
1196 3408 1369 3483 citra
1408 3406 1795 3503 expressum
1840 3410 2240 3485 mandatum
2281 3414 2610 3504 tractare,
2682 3415 2756 3491 δι
2787 3422 2924 3513 jam
2962 3436 3168 3490 antea
3203 3418 3324 3489 ali-

922 3508 1197 3603 quoties
1246 3509 1514 3597 experti
1548 3505 1773 3577 sumus
1824 3506 2089 3605 Regem
2139 3508 2569 3605 reprobasse,
2622 3534 2785 3607 quae
2821 3511 3125 3589 Duciss‘ae
3157 3510 3322 3582 Par-

920 3600 1204 3686 menfis,
1254 3622 1335 3672 ac
1374 3598 1660 3675 Confilii
1696 3604 2112 3675 authoritate
2161 3602 2350 3679 fuere
2397 3609 2515 3682 hic
2559 3610 2883 3691 decreta,
2931 3610 3004 3685 &
3045 3628 3122 3682 ut
3163 3608 3318 3679 haec

918 3696 1079 3771 sunt
1108 3718 1423 3793 tempora
1466 3692 1539 3767 &
1580 3698 1936 3769 hominum
1970 3720 2233 3789 mores,
2281 3699 2488 3777 facile
2535 3708 2768 3779 omnia
2799 3704 3158 3781 calumniis
3188 3722 3314 3795 pa·

918 3814 1095 3868 tent.
1150 3794 1339 3869 Bene
1364 3796 1565 3883 vale,
1602 3792 1755 3869 CL.
1799 3792 1890 3871 D.
1927 3794 2392 3873 Horruita.
2439 3800 2806 3882 Bruxeuae.
2845 3824 3061 3881 mn.
3103 3799 3314 3874 Febr.

914 3908 1042 3963 cio
1094 3908 1163 3963 io
1214 3910 1463 3971 xxxiv·

2964 4291 2972 4300 '
3087 4278 3319 4359 EPI-
