3700 4884
767 354 933 443 602
979 298 1467 446 'viem
1522 364 1657 433 AB
1714 258 3022 432 AYTTA'ZUICHEMI

762 546 1109 620 vellanum
1146 539 1560 639 propediem
1616 536 1759 607 huc
1810 528 2193 604 rediturum
2227 582 2248 617 ,
2297 530 2385 603 de
2438 540 2598 625 quo·
2627 546 2858 603 tamen
2912 531 3000 605 ab
3053 532 3182 609 ino

762 641 937 715 nihil
978 642 1303 713 hactenus
1344 635 1433 706 ad
1468 634 1725 705 amicos
1752 630 2092 722 scripturn
2128 626 2224 698 est
2248 682 2267 716 ,
2318 630 2511 722 quod
2554 648 2622 701 te
2663 652 2954 723 quoque
2987 631 3184 723 apud

668 744 683 754 ‘
728 762 892 823 ,nos
919 738 1199 831 egregie
1247 730 1651 804 diffimulare
1667 728 1994 800 miramur
2017 779 2038 812 ‚
2065 722 2221 797 cum
2255 726 2628 803 multorum
2667 726 3182 801 literis.isthinc

759 835 947 907 idem
980 828 1470 931 perscribatur.
1522 826 1695 899 Vale
1727 822 2175 899 Horren
2225 816 2380 896 CL.
2413 820 2985 899 Bruxellae.xv11.
3032 820 3184 897 De-

763 930 1083 1005 cembriS.
1136 948 1247 1003 cio
1296 946 1365 999 ιο
1414 944 1578 998 Lxx.

1189 1122 2232 1223 EPISTOLA·
2320 1120 2773 1255 CXXI.

763 1362 1297 1469 Commendat
1353 1340 1918 1471 Aſjbnvillium
1951 1374 2116 1469 pro
2177 1340 2343 1445 loeo
2395 1358 2477 1439 in
2536 1350 2840 1459 consilio
2903 1352 3182 1443 Status

878 1494 1217 1562 vacante
1252 1534 1275 1573 ,
1366 1478 1447 1555 in
1503 1497 1657 1585 quo
1740 1486 1968 1582 optat
2024 1473 2382 1581 cooptari
2462 1471 2740 1553 virum
2819 1466 2940 1553 elo
2999 1498 3182 1557 uen-

884 1610 1069 1675 tem.
1186 1584 1335 1673 De
1388 1580 1723 1670 Fonckio
1778 1582 2199 1695 Judicium.
2321 1577 2706 1667 Tzommo
2777 1578 2912 1667 Ro
2977 1610 3178 1671 ema.

880 1700 1256 1817 Aggaeus.
1374 1696 1515 1781 An
1570 1694 1803 1782 licam
1862 1694 2358 1783 concordiam
2401 1695 2914 1781 commendat.
3031 1694 3178 1785 De

802 1828 815 1837 “
876 1814 1411 1928 confiscatione
1532 1835 1881 1898 onorum.
2018 1804 2166 1898 De
2245 1802 2890 1917 Trajedensibus.
2939 1882 2952 1895 .
3019 1806 3178 1899 Re-

870 1934 1081 2044 ginae
1134 1925 1339 2012 laus.
1453 1922 1601 2016 De
1655 1918 1950 2039 Jacobi
2000 1918 2619 2027 Daventrienfis
2674 1914 2942 2035 opei‘e.
3000 1920 3174 2013 Pro

786 2088 795 2103 -
882 2044 1181 2128 decimo
1254 2041 1581 2126 denario
1658 2040 1811 2123 duo
1883 2032 2277 2123 milliones
2366 2036 2678 2122 addim.
2789 2032 3092 2237 Epgco
3149 2042 3182 2125 a·

878 2150 1491 2263 Leovardietfis
1566 2149 1980 2269 egestatem
2035 2148 2414 2263 explicat.
2533 2146 2682 2238 De
2734 2169 2925 2237 rom
3107 2178 3152 2238 e

881 2268 1301 2381 nqliciart’O.

772 2488 1361 2660 SUperioribus
1393 2488 1633 2563 diebus
1656 2538 1677 2574 ,
1706 2484 1860 2563 CL.
1889 2484 1988 2559 D.
2040 2482 2237 2565 Hor»
2257 2507 2296 2558 ι’
2317 2509 2357 2559 Ε
2382 2507 2532 2576 Ra,
2580 2480 2949 2585 aliquoties
2985 2492 3072 2567 ad
3107 2512 3174 2565 te

930 2587 1169 2685 scripsi
1197 2638 1222 2674 ,
1272 2584 1516 2659 verum
1577 2584 1764 2679 apud
1817 2582 2387 2661 Courtewillium
2441 2585 2517 2659 δι
2581 2588 2958 2663 nonnullos
3004 2590 3178 2663 alios

764 2690 1003 2763 literas
1040 2683 1461 2785 ‚aliquandiu
1534 2674 1962 2775 permanfiffe
2013 2680 2327 2776 intelligo
2365 2734 2386 2769 ,
2459 2680 2653 2775 quod
2713 2680 2876 2777 ipfis
2947 2682 3178 2761 insciis

768 2778 1079 2856 cursores
1116 2776 1425 2874 expediti
1472 2773 1753 2850 fuerint.
1852 2774 2112 2872 Nuper
2149 2800 2323 2851 vero
2361 2777 2447 2850 ad
2491 2776 2587 2849 D.
2626 2776 2720 2850 T.
2776 2781 3184 2857 commistio·

766 2902 937 2951 num
963 2872 1637 2969 Instruffionumque
1666 2877 2014 2969 generalis
2043 2874 2582 2967 gubernationis.
2606 2871 2751 2947 mist
2785 2879 3184 2972 exemplar,

764 2974 885 3050 sed
914 2974 988 3047 id
1026 2975 1217 3069 quod
1250 2968 1539 3045 Consilii
1572 2968 1812 3043 Status
1842 2966 2295 3049 direfflonem
2325 2959 2674 3053 continet,
2721 2969 2954 3053 omifi,
2985 2976 3187 3066 quod

766 3070 955 3146 hisce
991 3069 1297 3163 adjunxi.
1394 3064 1579 3139 Cum
1618 3088 1853 3140 autem
1905 3064 2374 3139 Affonwillius
2425 3065 2602 3161 (edi
2649 3068 2854 3141 initio
2883 3067 3175 3141 admini-

764 3166 1115 3241 strationis
1152 3163 1379 3239 Ducis
1418 3186 1557 3237 non
1594 3162 1750 3237 satis
1788 3165 1853 3235 ei
1889 3184 2131 3259 gratus
2172 3160 2422 3249 fflerit,
2472 3162 2567 3237 ob
2607 3164 2682 3234 id
2718 3164 2900 3237 forte
2925 3218 2946 3253 ,
2979 3169 3179 3260 quod

768 3260 1075 3337 Duciffae
1142 3256 1487 3335 Parmensi
1562 3256 1972 3353 quibusdam
2037 3260 2328 3333 nimium
2387 3256 2702 3335 addietus
2761 3263 3180 3360 videretur)

769 3362 1061 3433 multam
1112 3376 1399 3450 operam
1442 3356 1521 3427 in
1570 3358 1654 3429 iis
1711 3355 1920 3433 rebus
1942 3406 1960 3438 ,
2013 3378 2174 3451 quae
2217 3354 2671 3451 scriptionem
2717 3361 3021 3454 aliquam
3075 3380 3184 3457 re-¹

771 3456 1096 3550 quirunt,
1144 3452 1465 3546 praestet,
1512 3452 1587 3521 in
1632 3476 1768 3547 qua
1790 3450 1964 3525 satis.
1994 3452 2326 3539 uberem,
2373 3473 2456 3525 ut
2483 3450 2706 3543 nosti,
2754 3456 3012 3555 stylum
3063 3454 3178 3531 ha·

766 3552 931 3629 bet.
983 3550 1059 3623 &
1109 3568 1297 3621 certe
1336 3548 1423 3619 de
1476 3568 1565 3619 eo
1617 3544 1846 3621 testari
1899 3550 2192 3623 debeam
2235 3600 2258 3636 ‚
2307 3548 2666 3645 religionis
2698 3602 2721 3637 ,
2791 3553 3173 3630 authorita-

768 3646 994 3741 tisque
1027 3642 1431 3739 ⁴Majestatis
1484 3645 1847 3739 egregium
1901 3646 1967 3719 se
2029 3644 2298 3741 semper
2343 3666 2952 3742 propugnatorem
3147 3689 3174 3701 -

671 3814 683 3821 ,
758 3740 1026 3827 banse,
1078 3763 1355 3825 mortuo
1408 3762 1637 3833 nuper
1694 3738 2047 3814 Bruxeilio
2075 3790 2098 3826 ,
2149 3764 2359 3836 quem
2411 3738 2780 3817 fiiiss‘e-scis
2837 3746 3002 3818 Con
3083 3747 3096 3759 “
3141 3780 3176 3798 ·-

766 3840 949 3913 rium
997 3835 1259 3922 Status»,
1310 3836 1457 3933 ipse
1500 3836 1670 3909 mihi
1704 3840 2093 3934 promereri
2139 3839 2466 3928 videtur,
2513 3858 2595 3913 ut
2641 3840 2714 3913 in
2763 3841 2911 3939 ejus
2939 3843 3179 3916 locum

763 3934 1186 4031 surrogetur.
1242 3932 1451 4031 (44)

2945 4032 3186 4138 'Opta-

846 4162 1011 4251 (44)
1054 4162 1165 4259 oe
1217 4158 1590 4244 Afflnvtmo
1651 4124 1833 4233 aiibi.
1919 4156 2196 4261 ouri-11³
2223 4123 2598 4262 cqnfiimm
2655 4162 3184 4257 samsuaggm-

759 4264 957 4337 gatus
998 4244 1167 4327 fuit,
1208 4242 1326 4313 sed
1366 4259 1509 4312 uon
1542 4246 1663 4317 sub
1693 4249 1996 4347 Albano.
2039 4248 2166 4321 ,V.
2207 4248 2394 4337 Epist
2431 4250 2791 4323 CCXXX.
