3700 4884
899 362 1078 481 43⁶
1150 343 1621 462 V‘IGLH
1676 375 1810 449 AB
1866 315 2393 454 AYTTA
2446 345 3199 502 zmonssm

898 561 1183 658 ligionis
1223 559 1559 656 abrogare
1596 578 1682 632 ea
1697 607 1717 642 ,
1769 577 1937 650 quae
2022 553 2499 632 articulatim.
2522 573 2665 649 pro
2686 549 3317 650 Antverpienfihur

906 657 1226 732 ordinata
1280 676 1477 730 antea
1531 654 1833 727 fuerunt.
2004 675 2034 726 t
2086 675 2245 728 cum
2272 653 2425 728 haec
2464 650 2683 746 Regis
2742 649 3025 726 censura
3078 651 3322 728 omnes

909 754 1254 827 deterreat
1278 803 1301 839 ,
1349 771 1437 824 ne
1488 751 1660 848 quid
1701 749 2043 836 statuant,
2090 747 2441 827 faciantve
2460 797 2483 830 ,
2531 745 2718 823 unde
2760 744 3049 820 fimilem
3086 771 3323 860 repre-

903 847 1312 923 henfionem
1344 868 1778 932 mereantur,
1831 848 2123 918 omnino
2166 843 2613 920 necessarium
2654 843 2957 918 arbitror
2977 855 3011 928 “,
3062 865 3143 918 ut
3174 843 3321 939 ipse

905 967 1116 1042 quarn
1156 945 1480 1041 ocyssime
1509 944 1748 1039 veniat
1775 997 1796 1030 ,
1836 940 1959 1016 nifi
1994 939 2169 1014 Dux
2206 943 2518 1014 Albanus
2556 941 2629 1012 in
2650 940 2990 1014 mandatis
3029 941 3324 1034 habeat,

903 1045 1041 1114 alia
1057 1042 1172 1113 via
1192 1042 1572 1136 procedere
1591 1089 1613 1125 ,
1647 1039 1855 1136 qu'am
1894 1060 1973 1111 ea
1994 1089 2012 1120 ,
2048 1059 2205 1133 quae
2236 1040 2324 1110 ad
2355 1035 2919 1112 restaurationem
2938 1034 3148 1130 Reip.
3182 1039 3325 1132 pri·

905 1135 1293 1234 stinamque
1329 1159 1480 1210 tran
1533 1139 1897 1209 uillitatem
1936 1133 2469 1208 provinciarum
2514 1134 2933 1215 nostrarum,
2984 1135 3319 1208 conveni-

906 1257 984 1306 re
1033 1232 1235 1305 nobis
1295 1231 1439 1308 visa
1529 1235 1652 1304 uit.
1760 1233 1904 1306 Sed
1958 1231 2157 1306 nimis
2208 1252 2341 1329 ego
2380 1233 2597 1314 multa
2640 1233 2727 1304 de
2764 1228 2992 1316 hisce,
3032 1253 3203 1326 quae
3242 1251 3316 1304 tu

909 1329 1154 1401 melius
1205 1330 1544 1426 intelligis,
1584 1327 1902 1422 quorsum
1949 1331 2232 1402 tendant
2272 1352 2288 1398 ε
2345 1329 2419 1402 &
2460 1325 2510 1400 sl
2548 1349 2852 1421 unquam
2899 1347 3099 1401 antea
3147 1323 3319 1398 defi-

919 1427 1160 1500 deravi
1201 1427 1547 1518 privatam
1583 1428 1802 1500 vitam
1835 1423 1923 1496 ab
1961 1427 2151 1496 omni
2186 1419 2395 1518 Reip.
2444 1423 2801 1508 functione
2834 1421 3119 1496 liberam
3158 1445 3325 1522 age·-

906 1543 1025 1606 re‚
1077 1524 1184 1592 hae
1233 1521 1386 1594 sane
1432 1522 1741 1616 epistolae
1793 1517 2035 1616 Regiae
2100 1519 2486 1615 Majestatis
2549 1521 2762 1613 longe
2816 1519 2907 1592 eo
2946 1521 3164 1614 magis
3212 1541 3321 1592 me

906 1619 1356 1711 impulerunt.
1455 1616 1728 1711 Neque·
1756 1637 1933 1711 puto
1982 1641 2091 1691 me
2139 1618 2472 1713 deinceps
2510 1613 2880 1688 difficulter
2951 1615 3143 1685 illam
3192 1615 3316 1686 im-

961 1733 1381 1802 etraturum‚
1433 1703 1594 1786 cum
1644 1715 2087 1814 opinionem,
2125 1735 2329 1806 quam
2366 1709 2699 1784 haetenus
2734 1713 2820 1784 de
2855 1733 2964 1781 me
2998 1707 3156 1783 Rex
3194 1711 3312 1784 ha·
3359 1768 3385 1774 -

931 1811 1105 1896 ¹uit,
1153 1811 1366 1905 longe
1415 1812 1620 1883 aliam
1653 1865 1672 1896 ,
1728 1809 1939 1903 quam
2000 1831 2199 1882 antea
2250 1803 2382 1883 effe
2442 1810 2769 1882 declaret.
2870 1805 3032 1901 Ego
3084 1821 3311 1882 autem

909 1907 1360 1994 nihilominus
1380 1957 1405 1993 ,
1457 1907 1990 2002 qualiacumque
2025 1902 2158 1979 fint
2188 1905 2480 1978 aliorum
2518 1905 2777 2000 judicia
2810 1953 2831 1988 ,
2878 1923 3015 1998 pro
3052 1901 3314 1978 Catho⁴

911 2003 1052 2075 lica
1081 2003 1379 2078 veritate
1417 2005 1504 2074 ad
1549 2021 1935 2075 extremum
1977 2001 2189 2098 usque
2228 2001 2537 2096 spiritum
2566 2025 2727 2088 cum
2762 1997 2900 2075 Dei
2920 2001 3139 2095 gratia
3183 1999 3308 2073 sta·

907 2097 1032 2188 bo,
1064 2099 1136 2172 &
1165 2097 1414 2194 Regiae
1435 2095 1814 2194 MaJestatis
1835 2095 2172 2170 honorem
2203 2091 2828 2191 authoritatemque
2850 2148 2869 2181 ,
2904 2117 3106 2194 quarn
3140 2119 3307 2170 con-

905 2190 1074 2268 filiis
1111 2195 1438 2290 adjuvare
1469 2195 1770 2290 amplius
1804 2217 1949 2268 non
1980 2214 2267 2290 potem,
2318 2196 2509 2268 votis
2546 2193 3113 2291 orationibusque
3142 2193 3313 2268 meis

905 2287 1104 2364 Di-:o
1155 2289 1387 2363 Orr:
1441 2287 1692 2364 Max:
1743 2293 2231 2364 commendare
2262 2311 2404 2364 non
2440 2287 2761 2365 defluam.

1005 2385 1203 2458 Frisii
1264 2387 1534 2460 nobiles
1581 2437 1606 2472 ,
1685 2390 1808 2480 qui
1858 2388 2258 2482 aliquandiu
2316 2388 2500 2483 apud
2572 2383 2986 2484 Harlingam
3054 2388 3312 2462 detenti

907 2475 1249 2567 fuerunt,
1299 2481 1739 2556 Vilvordiam
1783 2481 2091 2558 Duciffae
2120 2481 2301 2580 juss'u
2354 2487 2794 2558 adducuntur
2824 2534 2845 2568 ‚
2895 2501 2973 2556 ut
3020 2485 3107 2556 de
3156 2487 3313 2579 qui·

907 2575 1196 2652 busdam
1243 2581 1411 2652 ‘cum
1457 2578 1726 2650 caeteris
1779 2580 1911 2666 (ut
1962 2577 2311 2750 dicimussg
2362 2577 2918 2654 confrontentur.
3020 2579 3306 2654 Munili-

906 2676 1157 2748 centiae
1203 2669 1450 2842 Refiiae
1513 2670 1885 2748 successum
1952 2699 2094 2751 non
2158 2677 2229 2749 di
2311 2678 2537 2750 culter
2604 2673 3189 2770 consequuturum
3234 2699 3306 2751 te

905 2768 1120 2939 spero·
1147 2819 1169 2855 ,
1217 2792 1316 2866 po
1372 2793 1582 2867 quarn
1644 2767 1936 2846 Ducissa
2000 2795 2151 2868 non·
2205 2793 2495 2870 gravate
2541 2768 2739 2847 suum
2786 2773 2895 2846 ilii
2958 2775 3303 2848 calculum

897 2890 938 2940 a
1019 2887 1176 2938 ecit.

983 2889 1145 3036 JPro
1183 2957 1541 3058 Gregorio
1573 2949 1699 3040 tuo
1733 2965 1969 3040 litera‘s
2014 2966 2087 3038 in
2126 2962 2349 3040 forma
2384 2963 2713 3042 consueta
2758 2965 3071 3062 expediri
3103 2987 3302 3040 cura-

901 3060 1018 3150 vi,
1069 3082 1281 3158 atque
1319 3060 1592 3156 Langio
1642 3063 2038 3138 Secretario
2076 3083 2154 3136 ea
2186 3065 2562 3158 diligenter
2586 3063 3064 3136 commendavi
3096 3083 3301 3158 ,quae

903 3151 1157 3246 Romae
1205 3160 1603 3252 peragenda
1651 3156 1812 3232 sunt
1841 3215 1859 3243 ,
1904 3160 2053 3254 qui'
2086 3181 2239 3231 eam
2287 3162 2493 3234 etiam
2548 3179 2833 3254 operam
2868 3155 3029 3231 Loo
3062 3157 3301 3248 dedit;

903 3249 1110 3346 'cujus'
1152 3251 1372 3324 filium
1436 3255 1506 3326 in
1553 3253 1969 3346 professione
2018 3253 2457 3349 adipiscenda
2492 3250 2826 3329 Gandav'i
2854 3251 3149 3340 existens
3180 3255 3300 3328 ad-

894 3343 1096 3446 juvi>
1149 3345 1318 3420 dum
1373 3352 1688 3422 nonnulli
1736 3376 1865 3446 per
1926 3354 2201 3424 decreta
2230 3349 2523 3442 Consilii
2558 3349 2965 3424 Tridentini
3008 3349 3296 3426 difficul-

899 3461 1114 3541 ratem
1160 3443 1550 3536 objicerent
1584 3445 1678 3518 ob
1720 3443 2395 3522 aetatem³Clericalis
2431 3447 2694 3522 ordinis
2740 3448 2815 3522 δι
2862 3447 3159 3522 tonsurae
3192 3452 3295 3520 in-

897 3560 1264 3633 capacem3
1316 3535 1472 3611 cum
1523 3553 1752 3616 autem
1807 3545 1923 3616 ille
1978 3545 2271 3637 glaciem
2328 3543 2666 3638 fregerit,
2719 3569 2789 3618 te
2822 3567 3055 3617 coram
3095 3545 3297 3618 istum
3348 3607 3394 3614 ,.

893 3633 1294 3730 scrupulum
1334 3635 1536 3709 facile
1566 3659 1953 3712 amoturum
2006 3637 2232 3734 spero.
2339 3643 2531 3734 (54)
2580 3637 2967 3714 Heffelium
3004 3639 3296 3716 Duciss'a

895 3731 982 3804 ad
1044 3731 1346 3804 officium
1425 3733 1913 3812 Procuratoris
1952 3733 2355 3812 'Generalis
2416 3737 2826 3828 Mechliniae
2874 3760 3294 3832 promovere

893 3824 1343 3919 desideravit,
1391 3827 1510 3902 sed
1567 3854 1747 3906 uxor
1797 3829 2122 3904 omnibus
2173 3831 2399 3904 modis
2439 3832 2684 3907 restitit
2722 3859 2739 3908 ε
2783 3837 2926 3930 ‘jam
2966 3857 3138 3908 vero
3169 3837 3295 3908 ali-

892 3941 1098 4022 quam
1137 3929 1463 4018 concepit
1493 3923 1723 4023 spem,
1775 3951 1857 4000 ut
1914 3925 2002 3999 ad
2048 3925 2431 3999 Consilium
2473 3927 2840 4004 Secreturn
2877 3930 3297 4024 promovea-

889 4025 1045 4105 tur,
1095 4020 1210 4092 cui
1239 4041 1398 4092 eum
1431 4034 1578 4095 non·
1608 4024 2016 4098 inidoneum
2057 4021 2211 4098 fore
2243 4025 2604 4112 existim03
2658 4025 2737 4100 ἃ
2756 4023 3076 4124 profesto
3096 4049 3300 4124 egre-

3104 4147 3295 4224 giam

967 4217 1143 4306 (54)
1177 4217 1537 4311 Heffi‘lius]
1577 4225 1903 4312 Iacobus.
1938 4223 2029 4299 V.
2066 4225 2239 4300 Not.
2278 4228 2368 4298 ad
2416 4229 2509 4304 N.
2540 4251 2741 4308 axxl.
2784 4233 2997 4306 Vitae.
