3700 4884
937 339 1646 480 536VIGL11
1697 361 1834 480 3³¹³
1889 335 3241 462 AYTTAZUICHEMI

906 535 1780 720 ’ῗξέιέἒῑῗάῗξξᾶἓέ
1815 531 2051 728 {stega
2068 531 2810 729 ‘ffflssni‘ifflfflssst
2845 535 3350 732 Ῑῗῗὲὲῗοῗὲ

875 783 888 802 ,
1008 732 1547 826 uscoducensem
1575 729 1702 804 suo
1731 752 2017 804 munere
2041 726 2388 803 rectiffime
2420 725 2621 826 fungi
2650 749 2891 804 omnes
2922 732 3353 826 praedicant,

941 837 1021 911 δι
1052 837 1347 910 multum
1375 828 1634 905 dolebo
1661 848 1828 902 eum
1847 845 2045 900 tanta
2072 821 2396 922 penfione
2414 827 2713 922 gravari.
2762 823 2987 919 Quod
3002 823 3091 901 de
3108 826 3355 902 Hont-

945 931 1171 1008 sochii
1205 928 1354 1003 filio
1399 926 1500 1000 D.
1555 923 1650 996 V.
1701 923 1933 998 innuit
1956 970 1983 1010 ,
2032 921 2106 996 id
2156 921 2345 998 aliud
2394 921 2611 1002 habet
2660 919 3060 1018 mysterium
3084 977 3106 1015 ,
3148 923 3353 1022 quod

939 1029 1175 1104 dicere
1204 1048 1352 1100 non
1386 1015 1678 1118 poss'um.
3324 1055 3331 1060 ·

1044 1123 1297 1199 Piratoe
1329 1115 1502 1214 plus
1535 1139 1693 1192 uam
1715 1133 1930 1190 antea
1948 1111 2189 1190 littora
2216 1111 2447 1192 nostra
2477 1111 2798 1192 infestant
2816 1168 2837 1201 ,
2872 1111 2977 1193 fic
3004 1135 3086 1190 ut
3116 1119 3355 1196 nullus

947 1207 1204 1296 nob'ilis
1228 1271 1251 1304 ‚
1299 1217 1494 1292 bonu
1526 1237 1614 1290 ve
1652 1212 1771 1285 vir
1800 1208 1873 1284 se
1916 1211 1989 1282 in
2133 1235 2214 1284 >o
2262 1211 2627 1286 continere
2678 1209 2952 1287 audeat.
3052 1213 3358 1312 Aliquid

944 1337 1180 1393 tamen
1207 1307 1358 1408 spei
1395 1329 1915 1405 conceperunt,
1963 1233 2327 1403 poflgttluam
2376 1307 2726 1406 Meganus
2779 1304 3093 1386 absolute
3128 1315 3359 1386 decla-

943 1431 1138 1488 ratus
1167 1409 1269 1492 ,est
1303 1405 1544 1482 Frifiae
1559 1403 1984 1504 gubernator
2002 1454 2027 1490 ‚
2074 1406 2199 1501 qui
2230 1426 2388 1480 eam
2406 1403 2728 1502 injuriam
2756 1428 2903 1480 non
2932 1407 3196 1482 laturus
3220 1403 3359 1482 effe
3391 1398 3423 1422 ⁹

945 1503 1216 1593 fertur,
1265 1493 1317 1578 fi
1364 1503 1562 1579 nervi
1596 1524 1740 1576 non
1774 1499 2093 1574 deerunt.
2190 1497 2382 1576 Bene
2410 1503 2613 1588 vale,
2662 1501 2819 1580 CL.
2868 1499 2969 1579 D.
3012 1499 3359 1581 Horru-

950 1624 1061 1680 ιε
1079 1657 1102 1695 ,
1149 1600 1586 1699 Antverpiae.
1625 1621 1743 1672 xx.
1791 1595 2181 1694 Septembr.
2236 1615 2357 1672 cm
2386 1616 2459 1672 ιο
2502 1620 2667 1674 Lxx.

1411 1819 2431 1920 EPISTOLA
2566 1817 2931 1921 CXI..

966 2069 1529 2163 Ordinationes
1568 2091 1789 2154 novae
1825 2067 2088 2186 super
2120 2066 2231 2181 ju
2294 2065 2439 2152 itia
2505 2061 2905 2153 criminali
2954 2063 3361 2182 impr-effe.

1075 2181 1277 2386 ἕξω
1327 2177 1591 2298 super
1647 2177 1774 2268 his
1843 2188 2093 2270 timor
2258 2177 2457 2295 iglii.
2600 2175 2749 2266 De
2800 2189 3367 2294 provocatione

1199 2293 1692 2408 ajeaenfium
1745 2295 1861 2380 ad
1904 2293 2037 2386 Re
2090 2318 2244 2382 em.
2320 2289 2472 2381 De
2536 2285 2813 2408 Regiae
2860 2289 3364 2386 liberalitatis

1067 2415 1499 2524 partitione
1549 2413 1901 2495 incertus
1955 2321 2091 2523 eff

961 2643 1276 2813 CUm
1325 2647 1578 2724 nudius
1630 2647 1921 2734 tertius,
1970 2643 2126 2724 CL.
2177 2644 2277 2722 D.
2327 2645 2823 2734 Horren,
2873 2649 3120 2746 paucis
3176 2649 3265 2724 ad
3296 2671 3383 2726 te·

1175 2743 1576 2842 scripfiss'em
1602 2794 1624 2830 ,
1689 2740 2125 2842 Reginaeque
2167 2755 2252 2820 ac
2298 2745 2618 2840 conjugis
2666 2765 2809 2820 tuae
2858 2743 3217 2820 discess‘m‘n
3257 2771 3375 2820 an-

959 2837 1365 2919 nuntiassem
1387 2895 1409 2930 ,
1443 2839 1811 2916 commode
1841 2841 2043 2917 nobis
2076 2861 2218 2916 tuae
2244 2843 2472 2917 literae
2514 2863 2631 2916 xv.
2664 2843 2869 2939 hujus
2914 2839 3164 2919 meniis
3216 2841 3378 2916 seri·

958 2961 1110 3038 Ptae
1131 2990 1152 3024 ,
1201 2941 1426 3012 allatae
1467 2937 1776 3014 fuerunt.
1974 3007 1985 3024 ,

1062 3033 1570 3110 Ordinationes
1605 3055 1814 3108 novae
1837 3031 2325 3130 superjustitia
2356 3031 2696 3106 criminali
2710 3037 2850 3128 jam
2888 3031 3005 3110 hic
3020 3031 3370 3134 impreffae

961 3129 1155 3219 sunt,
1202 3131 1410 3207 valde
1447 3151 1678 3218 autem
1707 3131 2003 3204 verebar
2029 3178 2054 3214 ,
2114 3154 2249 3218 ne,
2300 3125 2463 3204 cum
2514 3127 2918 3224 quibusdam
2964 3129 3273 3208 articulis
3328 3133 3375 3208 h

957 3227 1058 3304 D.
1108 3227 1381 3319 Joanne
1414 3229 1501 3300 de
1523 3226 1834 3321 Vargas‚
1882 3224 2163 3322 aliisque
2196 3225 2342 3298 e'us
2366 3221 2621 3298 asseclis
2652 3249 2783 3321 pro
2840 3226 3074 3313 ofitis,
3124 3221 3379 3304 Secre-

953 3326 1108 3399 ωσι
1145 3321 1568 3420 Consilium,
1615 3345 1700 3396 ac
1735 3322 2078 3397 Proceres
2110 3344 2205 3396 no
2263 3323 2323 3394 ri
2342 3323 2731 3396 contradix'
2792 3341 2959 3414 ent,
3002 3321 3191 3400 forte
3227 3323 3376 3398 Re-

955 3422 1089 3516 giae
1139 3415 1519 3514 Majestatis
1567 3421 1984 3493 authoritate
2040 3419 2196 3493 illos
2256 3416 2703 3492 nihilominus
2753 3421 3130 3517 approbari
3176 3445 3374 3495 cura·

957 3538 1154 3602 rent,
1201 3515 1324 3612 qui
1369 3511 1692 3610 profeao
1728 3515 1814 3588 ad
1853 3535 2175 3612 magnam
2204 3512 2800 3608 perturbationem
2843 3519 3132 3590 tendere
3166 3519 3365 3592 vide-

954 3611 1210 3687 bantur
1227 3637 1252 3697 3
1301 3607 1376 3683 &
1405 3607 1562 3686 sane
1603 3613 2012 3687 conveniret
2036 3659 2059 3697 ,
2109 3609 2160 3683 si
2192 3609 2364 3707 quid
2390 3607 2777 3702 hujusmodi
2808 3629 3222 3698 tentaretur,
3276 3633 3363 3688 ut

945 3709 1060 3784 Re
1113 3713 1175 3788 ‘a
1227 3707 1542 3806 Majestas
1589 3705 2213 3782 contradicentium
2268 3705 2567 3779 rationes
2616 3725 2819 3788 antea
2870 3708 3140 3783 audiret
3162 3759 3184 3794 ,
3236 3733 3365 3782 co-

945 3733 1468 3901 gnogslceretque.
1566 3802 1909 3900 Pleraque
1924 3851 1949 3890 ,
1999 3827 2163 3899 quae
2208 3803 2278 3874 in
2328 3800 2731 3896 supradietis
2798 3805 3373 3882 ordinationibus

949 3903 1389 3976 eontinentur
1417 3951 1442 3986 ,
1512 3922 1638 3998 per
1681 3897 2050 3974 secretum
2099 3895 2485 3975 Consilium
2528 3897 2725 3973 Duci
2770 3898 2963 3978 fuere
3003 3900 3314 3998 suggesta
3339 3954 3368 3992 ,

950 3997 1056 4172 Sti
1093 4017 1184 4068 ex
1231 3994 1394 4104 ipsa·
1420 3994 1692 4090 phrasi,
1731 3996 2129 4092 tenoreque
2180 3995 2561 4071 eorundem
2582 4045 2609 4085 ,
2657 3995 2755 4069 D.
2820 3995 2912 4074 V.
2968 4000 3371 4094 deprehen-

1003 4114 1118 4164 ere
1166 4111 1451 4186 poterit.
2725 4123 2759 4145 ο

1045 4185 1122 4264 T
1123 4181 1526 4285 rajefienses
1563 4191 1652 4266 ab
1693 4185 2037 4265 sententia
2064 4208 2309 4302 eontra
2336 4189 2495 4268 illos
2536 4189 2676 4266 lata
2694 4243 2721 4283 ,
2756 4192 2859 4267 ad
2890 4188 3165 4292 Regem
3202 4213 3367 4288 pro-

2701 4303 2715 4313 ‘
3152 4309 3369 4362 voca-
