3700 4884
291 457 294 459 4
361 317 626 436 Epis
663 335 1046 434 TOLAE
1073 321 1272 434 'AD
1303 339 1736 478 JQACH.
1757 343 2495 448 HOPPERUM.
2556 381 2721 476 571.

313 539 582 616 mtione
619 532 940 610 laborum
983 531 1267 610 suorum
1296 525 1716 634 intelligant.
1811 539 1979 636 Ego
2006 563 2235 618 autem
2267 578 2295 636 ·,
2339 543 2499 622 cum
2542 573 2753 626 nom.

311 637 542 710 nullos
578 630 849 706 audiam
891 653 1144 728 magna
1187 635 1474 732 praemia
1509 638 1598 706 ab
1645 631 1873 731 Regia
1906 637 2267 733 Majestate
2305 643 2718 738 expefilarm

309 752 470 810 cum
499 729 802 825 quibus,
855 725 904 802 ss
935 751 1084 802 non
1117 729 1418 827 majora,
1466 729 1704 808 saltem
1736 735 1935 826 paria
1980 735 2295 826 servitia,
2344 744 2723 839 meritaque

310 837 464 905 mea
511 822 644 899 effe
675 827 1111 902 contendere
1131 824 1439 920 poss‘um,
1493 829 1684 904 oculi
1717 830 1857 906 mei
1887 829 2060 906 lusci
2094 831 2341 909 fierent
2364 885 2389 920 ,
2436 837 2563 910 nili
2582 842 2744 914 Re·-

309 927 451 1022 giae
489 921 872 1016 Majestatis
905 923 1301 997 liberalitati
1327 922 1612 1019 speique
1643 947 1775 1020 per
1827 925 1931 999 D.
1969 927 2065 999 T.
2118 925 2365 1011 faciae,
2414 933 2729 1008 confide.

309 1041 482 1096 rem.
543 1019 782 1095 Miror
809 1019 932 1092 ubi
961 1021 1183 1095 literae
1211 1017 1466 1093 nostrae
1486 1023 1816 1095 latuerint
1849 1021 2081 1096 mense
2108 1021 2509 1102 Novembr.
2542 1053 2726 1103 anno

313 1139 446 1193 ela
506 1137 586 1190 ιο
637 1135 901 1188 vam.
949 1114 1228 1212 scriptae
1263 1141 1286 1200 3
1337 1117 1536 1209 quod
1578 1135 1808 1190 autem
1858 1122 1949 1192 de
1994 1120 2244 1194 nostris
2288 1120 2583 1210 subinde
2628 1126 2745 1200 se-r

284 1217 458 1295 ,tius
497 1213 794 1288 redditis
831 1212 1280 1304 experimur,
1325 1213 1514 1285 idem
1555 1211 1643 1286 de
1680 1211 1923 1288 vestris
1953 1217 2274 1292 accidere
2303 1239 2522 1314 puto,
2564 1219 2737 1296 cum-

309 1311 493 1386 mihi
541 1311 766 1382 literae
823 1301 1238 1402 supradietae
1285 1325 1546 1382 xxvur.
1596 1308 1863 1407 Aprilis
1914 1309 2231 1408 scriptae,
2277 1335 2488 1391 xxxix.
2538 1318 2733 1413 junii

313 1407 628 1505 primum
665 1402 956 1476 redditae
993 1400 1272 1498 fuerint.
1605 1442 1612 1450 ·
2730 1459 2741 1471 ‚

413 1500 810 1596 Imperator
847 1519 1056 1572 xvnn
1108 1502 1315 1595 hujus
1351 1499 1598 1578 menfis
1627 1501 1906 1598 Spiram
1946 1508 2222 1600 appulit
2244 1557 2267 1593 ,
2319 1507 2555 1605 ibique
2587 1507 2732 1585 Res·

313 1597 554 1694 ginam
589 1592 926 1690 tantisper
970 1595 1310 1670 detinebit
1329 1648 1354 1683 ,
1405 1601 1570 1672 dum
1604 1597 1820 1673 claffis
1864 1597 1988 1672 hie
2018 1623 2263 1696 parata
2290 1607 2459 1678 erit:
2510 1629 2731 1701 quan·

315 1691 2111 1886 aiffipfflgustssss‘amoem
2138 1721 2477 1796 mm
2507 1702 2731 1849 squ?

415 1884 814 1960 Publicati'o
845 1887 1086 1982 gratiae
1123 1909 1206 1958 ac
1255 1869 1688 1962 condonatio
1804 1890 1958 1983 egia
2006 1893 2236 1966 adhuc
2294 1896 2735 1988 protelatur,

318 1979 446 2057 sub
493 2003 842 2079 praetextu
889 1979 1246 2076 pmceffus
1278 1981 1606 2056 adversus
1636 1983 1881 2055 Status
1917 1983 2393 2081 TraJeEtenses
2414 2043 2437 2074 ‚
2484 2011 2739 2065 vereor

314 2098 586 2165 autem,
635 2099 727 2152 ne
758 2099 919 2150 cum
937 2077 1272 2172 amphora
1302 2081 1520 2172 coepit
1551 2077 1816 2150 institui
1849 2081 2101 2153 urceus⁴
2131 2105 2352 2156 exeat.
2404 2084 2743 2158 Habuere

319 2177 512 2252 enim
553 2169 1032 2270 Trajectcnses
1081 2171 1586 2260 Brederodium
1640 2174 1953 2246 vicinum
2001 2175 2491 2256 infestiffimum
2529 2228 2555 2266 ,
2628 2181 2745 2253 cui

322 2271 594 2347 summo
633 2287 894 2344 conatu
933 2264 1332 2348 restiterunt
1348 2317 1372 2356 ,
1402 2266 1828 2344 connivente
1849 2269 2388 2366 colludenteque
2417 2273 2747 2371 Principe

333 2365 680 2462 Orangiae
722 2386 898 2441 tunc
938 2365 1270 2458 temporis
1307 2386 1553 2452 eorum
1595 2361 2135 2454 Gubernatore‚
2186 2391 2320 2450 nec
2370 2371 2745 2466 quicquam

323 2462 494 2560 ipfis
527 2459 750 2536 deess'e
795 2471 1370 2556 conqueruntur}
1414 2461 1628 2556 quam
1657 2461 1915 2558 justum
1940 2461 2273 2557 judicem.
2342 2465 2599 2561 Spero
2629 2466 2749 2541 au-

327 2580 471 2636 tem
507 2555 1020 2634 Illustrissimum
1048 2559 1330 2652 cognita
1361 2555 1563 2632 causa
1595 2581 1740 2631 non
1767 2559 1969 2632 aliter
1983 2559 2459 2653 judicaturum
2478 2615 2503 2652 ‚
2536 2563 2747 2660 quam

327 2681 442 2734 res
494 2653 646 2751 ipsa
696 2651 1116 2752 aequitasque
1169 2654 1480 2750 postulat
1499 2705 1526 2740 ,
1575 2675 1736 2730 nam
1785 2653 1983 2752 quod
2022 2657 2144 2749 ,ad-
2178 2654 2475 2735 subsidia
2519 2661 2749 2756 petita

317 2755 664 2850 pertinet,
717 2755 814 2826 ob
851 2773 1011 2848 quae
1046 2753 1452 2826 nonnullam
1479 2751 2035 2846 indignationem
2063 2753 2509 2831 incurrerunt
2528 2807 2552 2848 ,
2608 2759 2751 2833 hoc

329 2847 580 2926 facturi
610 2849 986 2938 videntur,
1035 2849 1231 2944 quod
1270 2849 1562 2945 aequitas
1604 2847 1978 2935 suadebit„
2376 2916 2385 2930 ,
2728 2899 2737 2907 .

431 2946 764 3021 Edictum
826 2947 916 3034 de
971 2966 1114 3018 non
1160 2942 1686 3041 frequentandis
1747 2942 2313 3021 univerfitatibus
2360 2944 2753 3039 scholisque

336 3046 631 3130 exteris,
683 3043 936 3116 multas
970 3043 1092 3116 hic
1127 3041 1326 3116 nobis
1365 3042 1624 3148 excitat
1674 3041 2039 3114 molestias.
2141 3039 2630 3126 Atrebatenses
2684 3064 2755 3116 e·

335 3145 488 3220 nim
519 3134 1138 3231 Tornacensesque
1177 3157 1706 3232 conqueruntur
1749 3135 1877 3210 fibi
1913 3133 2279 3212 deserenda
2317 3133 2451 3210 effe
2486 3137 2755 3237 aliquot

337 3237 644 3330 collegia
677 3236 752 3306 in
795 3233 1174 3307 Academia
1223 3231 1620 3324 Parifienfi3
1671 3257 1754 3306 ac
1807 3231 2179 3325 Burgundi
2226 3233 2593 3330 proprium
2628 3233 2755 3306 mi·

334 3335 580 3412 serunt
617 3333 682 3403 le
735 3351 925 3403 atum
963 3329 1212 3404 eodem
1266 3332 1353 3404 de
1385 3329 1787 3424 gravamine
1831 3349 2395 3422 conquerentem.
2500 3327 2639 3404 Sed
2678 3327 2754 3401 &

335 3429 690 3523 Archiepi
720 3449 944 3521 copus
981 3421 1459 3511 Colonienfis,
1512 3425 1796 3514 Cietae,
1852 3421 2280 3503 Univerfitas
2302 3475 2329 3516 ,
2378 3447 2461 3500 ac
2502 3428 2754 3502 civitas

337 3524 806 3604 instantiffime
858 3542 1116 3620 petunt
1157 3521 1223 3594 se
1268 3524 1474 3618 hujus
1527 3517 1737 3596 edicti
1786 3519 2277 3597 interdistione
2330 3523 2584 3608 'eximi3
2635 3546 2753 3594 ve·

341 3625 498 3700 rum
550 3621 722 3696 Dux
771 3617 1027 3696 flectise
1070 3642 1216 3693 non
1263 3621 1532 3714 patitur
1554 3671 1577 3706 ,
1637 3641 1721 3693 ac
1775 3641 2017 3716 preces
2071 3616 2755 3716 supplicationesque

341 3723 656 3810 omnium
715 3718 945 3815 rejicit
985 3768 1010 3802 ‚
1061 3737 1160 3802 ..ut
1183 3715 1274 3795 ‘li
1313 3717 1484 3814 quid
1531 3717 1904 3813 impetrare
1956 3717 2207 3792 volent
2234 3765 2259 3802 ‚
2318 3735 2475 3788 non
2516 3713 2755 3802 aliud,

349 3821 562 3920 quam
607 3835 688 3890 ut
735 3815 828 3888 ad
870 3838 1002 3890 vos
1033 3833 1436 3898 recurrant,
1481 3811 1564 3888 fit
1597 3815 2005 3888 remedium.

451 3913 734 3990 Decimi
788 3908 1232 4006 vicefimique
1293 3914 1560 3987 denarii
1623 3909 1901 3984 exafflo
1959 3905 2197 3979 adhuc
2260 3904 2601 4002 plurimos
2662 3928 2753 3982 ex

350 4011 655 4088 Statibus
703 4009 948 4085 nostris
1015 4010 1426 4105 perturbat,
1475 4029 1563 4078 ex
1609 4005 1866 4098 quibus
1900 4001 2205 4096 ,quidam
2255 4024 2761 4100 quotampor·

355 4111 612 4184 tionem
648 4101 1056 4193 offerente8‚
1102 4105 1370 4180 biennii
1414 4101 1815 4178 dilationem
1847 4097 2345 4187 obtinuerunt,
2400 4123 2559 4176 cum
2600 4101 2752 4174 aliis

354 4207 611 4286 autem·
637 4203 730 4283 ab‘
777 4203 1052 4280 decimo
1099 4196 1967 4279 denario-abhorrentibus
1994 4243 2025 4294 ,
2051 4193 2503 4298 quotamque
2553 4197 2755 4363 nhffis

351 4325 368 4362 ··
1942 4352 1958 4363 .
2484 4310 2651 4365 exce
2730 4329 2757 4350 ·
