3700 4884
1631 65 1650 100 Ι

434 307 1073 458 'EPIS'roLAE
1139 359 1318 452 AD
1368 357 1803 472 JOACH.
1841 357 2555 458 HoppERUM.
2622 373 2781 484 731

483 563 600 638 Ad
653 564 725 636 id
787 564 978 658 quod
1030 558 1151 634 fua
1205 560 1641 636 Excellentia
1676 558 2033 635 mandavit
2069 585 2229 634 cum
2265 561 2357 634 D.
2412 565 2778 663 Hierony·

389 685 508 734 mo
557 661 879 741 Roerda,
933 659 1007 734 &
1060 680 1330 730 mecum
1392 658 1892 731 communicari
1937 664 2061 752 per
2092 659 2187 730 D.
2240 659 2716 735 Ass'onvillium
2753 715 2776 748 ,

380 757 588 852 super
641 759 1147 829 convocatione
1192 753 1515 827 Statuum
1571 750 2071 842 Generalium3
2124 754 2558 832 considerato
2600 781 2778 853 prae-

383 853 558 925 senti
591 875 822 926 rerum
853 848 1028 924 statu
1061 900 1084 935 ,
1128 849 1358 922 videri
1394 847 1716 942 nequivit
1751 848 1789 919 a
1827 849 2065 933 nobiS,
2119 851 2623 943 quissuccess'us
2642 857 2803 926 uti:

383 949 628 1022 litasve
679 950 767 1021 ab
825 970 908 1018 eo
967 946 1219 1041 sperari
1283 945 1518 1039 possit,
1569 943 1693 1017 nifi
1741 965 2080 1038 percepta
2128 967 2331 1019 antea
2358 946 2775 1023 resolutione

383 1045 634 1142 Regiae
655 1043 1038 1138 Majestatis
1067 1040 1272 1136 super
1299 1037 1819 1114 difficultatibus
1859 1063 1989 1136 per
2010 1040 2247 1114 Status
2294 1065 2493 1118 antea
2521 1049 2727 1118 motis
2750 1097 2779 1132 ,
2878 1131 2881 1136 ¹

353 1167 564 1238 ,quas
615 1136 967 1236 Majestati
1020 1136 1158 1210 suae
1193 1133 1718 1230 -Excellentiarn
1765 1136 1956 1208 suam
2006 1136 2464 1234 perscripsisse
2494 1143 2779 1215 arbitra-

303 1239 320 1246 “
387 1261 566 1311 mur.
665 1235 1068 1328 Antequam
1119 1252 1351 1306 autem
1396 1231 1850 1304 intentionem
1896 1231 2279 1329 Majestatis
2330 1234 2469 1310 suae
2520 1237 2775 1310 Excel-
2970 1233 2977 1240 ’

387 1335 605 1406 lentia
639 1331 760 1404 sua
789 1328 1151 1424 cognorit,
1201 1349 1344 1400 non
1376 1326 1653 1402 videtur
1682 1327 1884 1424 aliam
1912 1329 2094 1402 viam
2117 1381 2139 1416 ,
2190 1355 2399 1425 quam
2434 1357 2592 1427 quae
2636 1355 2777 1406 coe·

447 1447 518 1502 ta
553 1427 648 1501 est
694 1423 1006 1522 ingredi,
1057 1423 1456 1498 convenire.
1557 1424 1810 1498 Petitae
1863 1426 2046 1498 enim
2079 1425 2537 1522 obligationes
2576 1426 2783 1522 super

359 1581 366 1584 -
423 1521 693 1598 ecunda
746 1517 1150 1608 centesima,
1199 1542 1282 1593 ac
1339 1517 1693 1613 praestatio
1755 1520 2054 1593 duorum
2102 1519 2489 1596 millionum
2546 1525 2777 1596 omitti

391 1619 655 1716 nequit.
749 1617 987 1712 Atque
1027 1614 1078 1688 fi
1111 1614 1205 1690 ob
1232 1616 1306 1688 id
1337 1616 1654 1689 statuum
1695 1614 2143 1691 Generalium
2180 1622 2599 1694 convocatio
2616 1619 2778 1708 fiet,

391 1717 570 1802 nihil
598 1714 850 1788 melius
885 1713 1146 1807 sperari
1171 1707 1444 1808 potest,
1493 1733 1724 1806 neque
1756 1735 1943 1786 nova
1986 1716 2239 1788 auxilia
2275 1719 2425 1808 peti
2454 1715 2780 1812 possunt,

373 1809 744 1908 'prioribus
802 1805 1172 1882 derelistis.
1271 1805 1410 1880 Sed
1461 1805 1510 1880 fi
1560 1809 1807 1902 Regiae
1847 1807 2199 1904 Majestati
2231 1814 2537 1904 placeret
2572 1812 2782 1907 super

397 1907 778 1982 abolitione
833 1891 1088 1979 decimi
1128 1905 1430 1991 denarii,
1477 1925 1560 1977 ac
1607 1905 2021 1977 limitatione
2056 1929 2407 1981 certorum
2448 1932 2783 1984 annorum

395 2001 856 2100 praestationis
883 2003 1214 2075 -duorum
1257 1997 1684 2088 millionum,
1735 1999 1811 2072 &
1858 1999 2065 2095 super
2109 2001 2591 2080 observatione
2641 2005 2785 2100 pri·

397 2100 810 2196 vilegiorum
832 2147 857 2182 ,
905 2096 1635 2190 redintegrationeque
1687 2094 1979 2188 Justitiae
2032 2095 2459 2184 Ordinariae,
2512 2123 2594 2174 ac
2650 2123 2785 2171 cae-

399 2198 563 2270 teris
618 2193 940 2268 Statuum
990 2193 1289 2286 querelis
1338 2191 1606 2288 aliquid
1666 2190 2009 2264 resolvere
2035 2246 2057 2280 ,
2105 2193 2260 2289 spes
2303 2197 2535 2289 aliqua
2577 2193 2743 2268 esset
2758 2245 2792 2282 ,

399 2311 481 2366 ut
515 2313 672 2388 quae
704 2307 1271 2389 proponerentur
1301 2289 1392 2362 ad
1425 2284 2019 2362 conservationem
2064 2295 2449 2364 communis
2488 2291 2743 2363 Patriae
2763 2341 2789 2375 ,

403 2387 642 2462 Status
698 2384 1076 2461 convocati
1131 2382 1200 2459 se
1249 2386 1468 2478 magis
1513 2385 1949 2458 voluntarios
1982 2386 2465 2460 declararem·
2535 2388 2789 2460 Simul·

405 2507 544 2578 que
581 2480 802 2558 visum
837 2481 976 2556 fuit
1003 2481 1504 2554 Excellentiam
1545 2478 1732 2553 suam
1771 2482 2142 2554 certiorem
2178 2481 2445 2568 facere,
2496 2486 2584 2557 de
2622 2503 2789 2580 qua-

404 2583 599 2655 litate
649 2577 975 2654 Statuum
1017 2574 1266 2649 nostrae
1312 2573 1755 2660 Provinciae,
1805 2579 1929 2671 qui
1989 2601 2130 2651 non
2180 2578 2334 2651 sunt
2382 2581 2618 2664 unius,
2670 2579 2786 2651 sed

406 2675 838 2751 diversorum
885 2694 1304 2768 corporum,
1354 2695 1514 2768 quae
1567 2673 1866 2744 invicem
1898 2687 2065 2750 ‘non
2120 2672 2271 2748 sunt
2315 2675 2614 2772 subjeGia
2648 2732 2664 2760 ‚
2711 2701 2792 2747 ut

406 2773 494 2845 ab
540 2771 822 2868 singulis
871 2768 955 2843 fit
1008 2770 1360 2864 petendus
1431 2765 1790 2842 consensus
1824 2819 1845 2852 ‚
1926 2793 2057 2844 nec
2090 2780 2269 2844 unus
2310 2774 2505 2846 alteri
2545 2775 2793 2848 cedere

409 2887 531 2955 aut
578 2866 1084 2962 comprehendi
1129 2867 1412 2938 alterius
1451 2862 1789 2959 suffragiis
1834 2870 2170 2961 patiatur,
2212 2870 2317 2940 uti
2350 2872 2416 2938 in
2456 2867 2794 2962 Hispania

408 2963 560 3038 fieri
610 2962 1098 3057 intelligimus,
1157 2959 1282 3034 ubi
1341 2959 1564 3034 πίνω.
1615 2963 1930 3034 civitates
1966 2962 2263 3036 exclusis
2295 2963 2676 3036 Nobilibus
2716 2967 2791 3038 ὅτ.
2834 2965 2847 2974 ”

409 3057 722 3133 Praelatis
769 3060 884 3154 jus
947 3054 1258 3150 suffragii
1299 3060 1374 3130 in
1427 3055 1740 3130 Statibus
1812 3058 2069 3131 habent
2109 3085 2127 3130 t
2173 3061 2501 3134 videlicet
2536 3083 2793 3149 novem

420 3157 784 3234 civitatum
839 3156 1012 3227 citra
1081 3151 1363 3248 Tagum
1395 3203 1416 3236 ,
1501 3153 1577 3226 &
1642 3152 1931 3226 totidem
1978 3155 2158 3227 ultra
2210 3154 2488 3250 Tagum
2542 3177 2797 3249 procu-

287 3331 297 3341 ,
425 3272 694 3324 ratores
733 3301 756 3337 ,
831 3246 1188 3324 universos
1271 3247 1510 3322 Status
1589 3250 1787 3342 regni
1831 3248 2304 3344 representant
2344 3303 2366 3338 ,
2434 3251 2591 3324 cum
2674 3251 2795 3325 hic
2924 3320 2934 3331 ,

415 3347 661 3432 decem
734 3343 808 3420 &
873 3345 1132 3440 septem
1199 3343 1240 3381 ²*
1355 3343 1714 3439 Regiones
1769 3393 1793 3430 ,
1878 3367 2177 3447 quarum
2267 3350 2597 3442 quaelibet
2672 3347 2795 3423 suo
2854 3381 3143 3456 *Supptez
3196 3349 3199 3354 ’

402 3446 561 3538 jure
616 3441 690 3517 &
742 3443 1044 3530 moribus
1096 3457 1422 3525 utuntur,
1493 3441 1569 3514 &
1633 3463 1868 3512 earum
1932 3442 2152 3535 major
2208 3468 2371 3540 pars
2430 3467 2573 3519 tres
2647 3445 2795 3518 Sta·
2856 3461 2984 3523 fine.

410 3559 526 3615 tus
571 3538 812 3626 habet,
858 3537 1354 3624 Praelatorum,
1399 3534 1814 3623 Nobilium,
1867 3538 1941 3613 δε
1975 3537 2381 3615 Civitatum.
2482 3541 2802 3635 Quarum
2970 3558 2975 3566 “

417 3637 701 3804 guidem
741 3633 1088 3730 Deputati
1117 3635 1188 3706 in
1224 3631 1680 3706 conventibus
1705 3682 1726 3718 ,
1773 3632 1945 3708 nihil
1976 3633 2205 3724 valide
2239 3639 2621 3710 consentire
2646 3637 2801 3732 pos-

449 3753 572 3806 unt
600 3783 638 3821 ,,
671 3728 798 3804 nifi
854 3755 929 3807 re
981 3748 1183 3804 antea
1239 3732 1328 3803 ad
1382 3731 1905 3804 communitates
1945 3730 2095 3804 suas
2132 3735 2343 3805 relata
2373 3785 2394 3818 ,
2443 3731 2629 3806 unde
2657 3732 2801 3814 fere
2878 3801 2885 3810 .

419 3828 708 3901 tarditas
754 3829 974 3900 multa
1025 3826 1368 3911 exoritur,
1434 3829 1600 3899 dum
1649 3828 2001 3920 praedistae
2048 3829 2365 3901 civitates
2430 3851 2519 3901 ex
2568 3831 2804 3914 multis

417 3922 602 4018 saepe
640 3922 968 3996 membris
1003 3922 1358 4006 constant,
1408 3945 1576 4017 quae
1601 3919 1976 3995 difficulter
2009 3923 2080 3991 in
2113 3943 2321 3994 unum
2354 3922 2805 4022 sensumeper-

419 4019 584 4108 duci
617 4017 896 4112 possunt
918 4069 942 4106 ,
989 4018 1246 4116 absque
1287 4040 1584 4114 quorum
1628 4014 1956 4090 consensu
1986 4017 2161 4090 nihil
2197 4021 2519 4096 concludi
2550 4023 2802 4124 potest.

425 4113 690 4194 Datum
726 4113 1091 4192 Bruxellae.
1150 4135 1306 4192 111.
1357 4115 1623 4192 Martii.
1673 4133 1802 4187 cro
1864 4133 1943 4188 10
1982 4133 2281 4194 Lxx111.

2560 4292 2807 4370 Ep}-
