3700 4884
955 384 1129 492 484
1192 364 1667 476 VIGLII
1720 388 1860 459 An
1913 356 2434 459 AYTTA
2503 356 3067 457 zmcHE
3097 339 3258 459 Ml

958 565 1119 644 vifis
1149 563 1320 639 nihil
1337 614 1362 650 ,
1410 562 1605 658 quod
1658 560 1747 633 ad
1796 555 2196 631 Concilium
2238 554 2665 653 pertineret,
2735 578 2828 628 ex
2875 556 2977 629 eis
3015 561 3374 653 cognovi.

959 686 1157 748 mus,
1204 679 1611 749 tantumque
1670 652 1798 729 scri
1851 674 2001 727 tum
2048 648 2258 748 super
2315 652 2625 747 quinque
2665 650 3068 725 Praebendis
3111 656 3372 729 Archi«

960 757 1292 855 episcopo
1318 776 1449 849 per
1486 751 1758 825 Bullam
1850 749 2149 822 aulinam
2179 747 2517 844 affignatis
2561 744 2882 841 junctum
2917 746 3074 821 fuit.
3175 748 3368 824 Cum

962 874 1189 929 autem
1234 874 1317 924 ea
1377 850 1610 922 media
1669 844 2034 941 Episcopo
2096 840 2362 938 semper
2415 840 2897 938 displicuerint
2926 892 2948 928 ‚
3021 844 3368 942 proposui

960 950 1147 1025 aliud
1179 947 1271 1019 de
1313 943 1583 1018 duobus
1620 940 1930 1015 millibus
1958 937 2388 1015 florenorum
2432 940 2598 1011 loco
2651 940 3062 1014 earundem:
3114 938 3368 1014 verum

749 1008 757 1016 ἱ
810 1046 817 1053 ’
964 1046 1041 1121 &
1092 1038 1234 1117 hoc
1272 1038 1499 1112 forsan
1544 1036 1849 1111 medium
1898 1036 2217 1131 utraque'
2249 1058 2412 1131 pars
2461 1032 2914 1122 detreciabit3
2961 1056 3368 1133 quanquam
3443 1037 3450 1042 ’

960 1142 1135 1215 mihi
1171 1160 1314 1210 non
1344 1132 1717 1209 absurdum
1748 1130 2108 1221 videatur,
2160 1149 2238 1205 ut
2295 1150 2534 1204 omnes
2581 1130 3107 1218 contentione-«3,
3213 1154 3364 1214 uae,

958 1236 1086 1312 ubi
1118 1237 1207 1309 de
1241 1232 1445 1306 bonis
1484 1231 1713 1327 agitur
1732 1278 1757 1314 ,
1806 1229 2169 1323 graviores
2201 1226 2354 1298 fere
2397 1222 2533 1299 effe
2582 1222 2852 1307 solent,
2917 1228 3075 1301 tolli
3181 1228 3364 1301 emel

958 1328 1258 1429 poss'ent.
1371 1322 1959 1421 Archiepiscopus
1996 1343 2228 1399 autem
2267 1323 2401 1393 hac
2434 1321 2702 1395 ratione
2737 1339 3002 1395 tantum
3041 1322 3378 1398 consecu-

960 1449 1165 1503 turus
1204 1417 1369 1499 ess'et
1384 1472 1411 1510 ,
1458 1442 1795 1518 quantum
1824 1421 1926 1492 illi
1969 1418 2138 1494 dare
2165 1419 2239 1491 in
2265 1417 2471 1490 initio
2497 1415 2722 1491 visum
2751 1418 2837 1491 iis
2889 1416 3062 1505 fuit,
3111 1421 3236 1515 qui
3273 1422 3366 1493 ad

961 1544 1117 1597 eam
1134 1543 1302 1593 rem
1331 1518 1527 1593 fuere
1568 1516 1910 1613 deputati.
2009 1511 2232 1602 Quod
2265 1534 2436 1585 vero
2472 1512 2564 1585 ad
2593 1512 2902 1587 Concilii
2935 1514 3366 1608 acceptatio-

818 1666 839 1695 κ
958 1640 1124 1721 pem
1150 1616 1458 1710 pertinet
1472 1664 1497 1697 ,
1554 1612 1729 1687 Dux
1784 1611 2006 1684 nullas
2049 1604 2507 1683 restrifflones
2555 1608 3203 1703 moderationesque
3241 1611 3368 1684 ad·-

959 1714 1334 1789 mittendas
1367 1707 1501 1783 ess'e
1533 1706 1833 1793 censuit,
1879 1704 1997 1778 sed
2051 1702 2266 1798 Regis
2301 1704 2738 1779 voluntatem
2767 1702 2903 1777 effe
2941 1702 3368 1793 declaravit,

960 1830 1045 1886 ut
1106 1804 1380 1881 eunaae
1438 1800 1763 1878 Ecclefiae
1820 1796 2262 1873 uniformiter
2319 1796 2499 1871 illud
2553 1795 2919 1871 observent
2940 1852 2960 1887 ,
3009 1822 3177 1873 cum
3215 1822 3370 1898 quo

960 1902 1291 2001 responso
1338 1901 1507 1975 hinc
1554 1896 1795 1975 dimifli
1814 1946 1839 1982 ,
1909 1892 2138 1968 nescio
2169 1915 2257 1967 an
2295 1890 2500 1967 restis
2533 1890 2834 1967 confiliis
2865 1894 3200 1991 seriisque
3222 1896 3362 1992 Jus-

956 1998 1044 2073 fis
1082 1995 1537 2092 acquiescent.
1636 1991 1821 2065 Vale
1868 1987 2314 2069 Horrznz
2349 1987 2509 2065 CL.
2542 1986 2912 2067 Bruxellae.
2949 2010 3116 2067 xxI.
3153 1990 3366 2089 Junii.

960 2116 1075 2173 cm
1125 2114 1203 2171 1³
1248 2112 1553 2169 vaux.
1613 2109 1623 2119 '

1341 2274 2412 2423 :EPISTOL'A
2519 2295 2945 2400 Lx111.

960 2558 1113 2650 De
1150 2551 1533 2669 Hopperi
1582 2574 1839 2637 uxore
1893 2552 1977 2637 in
2035 2544 2222 2665 Huf
2255 2552 2526 2637 aniam
2573 2550 2965 2637 advocata
3019 2545 3141 2640 Εἰ
3180 2568 3365 2665 pro·

1028 2668 1400 2781 ‘sectura
1515 2662 1663 2765 De
1724 2658 2097 2777 Knyphio
2250 2662 2786 2777 roningensem
2855 2660 3254 2777 eptfiopa-

1269 2798 1445 2868 tum
1477 2780 1874 2893 consecuto
1888 2835 1919 2882 ,
1973 2799 2072 2861 ac
2121 2776 2223 2864 de
2247 2772 2466 2889 peste
2497 2772 2620 2865 ibt
2636 2770 3058 2893 graffimte.

964 3027 1313 3199 Scripsi
1348 3028 1439 3105 ad
1494 3052 1566 3107 te
1612 3048 1880 3104 xxvrr.
1925 3024 2321 3125 septembr.
2371 3024 2528 3103 CL.
2580 3026 2677 3105 D.
2731 3026 3226 3113 Horrtnz,
3273 3051 3366 3105 ac

1127 3128 1335 3224 paulo
1380 3124 1543 3222 post
1574 3128 1816 3221 accepi
1850 3124 2098 3201 eodem
2149 3144 2335 3222 pene
2369 3145 2690 3221 tempore
2729 3128 2961 3201 literas
2993 3146 3144 3203 tuas
3167 3174 3192 3209 ‚
3233 3148 3367 3198 un-

964 3220 1239 3297 decimo
1258 3275 1279 3312 ,
1332 3245 1414 3297 ac
1467 3244 1621 3296 κεν.
1672 3223 1875 3319 Sept.
1923 3222 2142 3296 datas.
2242 3216 2508 3293 Verum
2569 3222 2946 3297 Cornelius
2964 3274 2987 3309 ,
3036 3242 3250 3319 quem
3278 3238 3371 3295 ·te

870 3396 880 3406 ⁸
964 3316 1317 3391 miffurum
1366 3317 1672 3404 indicas,
1724 3320 2037 3393 nondum
2087 3318 2230 3392 huc
2288 3319 2658 3413 pervenit,
2707 3342 2792 3395 ac
2847 3320 3218 3415 postquam
3275 3320 3367 3393 de

962 3409 1185 3507 Regis
1220 3414 1525 3487 adventu
1571 3412 1728 3508 spes
1766 3416 1956 3489 nulla
1985 3432 2315 3509 apparet,
2362 3414 2544 3488 reite
2583 3416 2758 3490 mihi
2787 3406 3208 3489 constituiffe
3261 3414 3368 3487 vi·

966 3508 1155 3582 deris
1210 3506 1301 3582 de
1338 3530 1565 3583 uxore
1596 3508 1995 3605 familiaque
2027 3510 2256 3584 isthuc
2285 3508 2714 3585 advocanda
2813 3508 3085 3585 Verum
3115 3506 3324 3586 rebus
3341 3557 3368 3597 ,

964 3624 1109 3678 tam
1140 3604 1260 3703 hle
1290 3626 1497 3700 quam
1530 3604 1607 3677 in
1650 3602 1887 3680 Gallia
1916 3606 2201 3703 oppido
2253 3604 2550 3679 turbatis
2569 3659 2596 3696 ‚
2657 3608 3210 3701 imminenteque
3238 3606 3377 3701 jam

964 3699 1219 3796 hyeme
1240 3753 1261 3790 ‚
1308 3702 1575 3776 tardius
1605 3702 1725 3775 illa
1758 3704 1925 3778 hinc
1958 3723 2249 3777 movere
2281 3704 2596 3799 poterit3
2645 3722 2856 3797 quam
2883 3705 3152 3777 interea
3173 3700 3376 3775 Gou-

964 3796 1078 3871 dae
1110 3793 1416 3872 manfiss'e
1447 3800 1698 3873 vellem
1715 3849 1738 3884 ‚
1786 3823 1948 3875 cum
1977 3800 2291 3897 plerique
2334 3798 2502 3873 huic
2533 3800 2806 3895 oppido
2843 3821 2990 3875 non
3018 3796 3180 3873 satis
3209 3818 3376 3873 con·-

967 3891 1249 3968 fidunt:
1318 3892 1563 3971 verum
1623 3918 1758 3991 ego
1826 3896 2004 3969 nihil
2061 3894 2361 3993 periculi
2423 3894 2576 3971 fore
2635 3894 2890 3993 spero,
2935 3891 3096 3971 cum
3137 3892 3378 3969 noster

964 3991 1314 4064 exercitus
1356 3990 1658 4065 hostium
1700 3991 2029 4069 lateribus
2070 3992 2432 4068 adhaerens
2488 3990 2693 4068 facile
2733 3990 3221 4091 prohibiturus
3272 3986 3376 4065 vi·

962 4082 1250 4175 deatur,
1303 4106 1395 4157 ne
1428 4087 1599 4181 quid
1646 4088 1752 4163 illi
1797 4088 2032 4185 magni
2079 4091 2331 4187 exequi
2389 4088 2659 4183 poffint.
2759 4084 2952 4179 Quis
3002 4106 3238 4165 autem
3271 4106 3374 4159 re-

958 4200 1120 4256 rum
1151 4178 1430 4259 futurus
1466 4178 1551 4259 fit
1584 4178 1922 4264 successus
1938 4233 1968 4278 ,
2011 4186 2274 4277 certius
2297 4182 2636 4283 citiusque
2661 4208 2794 4266 vos
2823 4206 2916 4265 ex
2970 4182 3190 4285 ipliue
3219 4180 3374 4261 Du·

2017 4340 2032 4346 -
3271 4300 3374 4357 ω
