3700 4884
928 437 1092 540 832
1149 415 1624 526 Ἥρωι
1675 443 1812 511 AB
1852 373 3171 515 AYTTA'ZU‘ICHEMI

938 619 1072 695 test
1125 620 1198 690 in
1247 638 1455 713 quam
1515 610 1855 685 miseriam
1878 663 1921 702 ,-
1952 605 2543 708 calamitatemque
2589 609 3055 690 fiorentiflima
3099 614 3335 712 Regio

939 716 1365 798 Holandiae,
1415 705 1907 802 Zelandiaeque
1948 707 2313 792 inciderit,
2362 706 2595 781 ac·D.
2648 707 2741 781 V.
2772 731 2941 784 vere
3028 715 3331 799 ratulor,

793 817 799 822 “
943 813 1140 908 quod
1172 810 1260 882 ab
1292 811 1401 881 his
1423 805 1621 879 malis
1649 801 2267 897 longiffime·abfit.
2316 803 2509 876 Bene
2550 809 2729 890 vale,
2760 803 2914 876 CL.
3040 867 3051 876 .
3094 805 3333 881 Hor·-

945 927 988 980 r
1011 929 1054 980 a
1075 927 1181 978 nr.
1201 960 1223 993 ,
1279 904 1352 978 &
1387 925 1496 974 res
1537 901 1782 994 patriae
1813 899 1953 971 tibi·
1982 899 2241 973 sedulo
2268 901 2724 985 commendo,
2772 922 2854 974 ut
2883 905 3117 1000 quoad
3165 903 3327 978 lice·

939 1003 1046 1078 bit
1093 1023 1224 1076 tuo
1267 997 1657 1096 patrocinio
1711 1017 1828 1068 eas
1888 994 2172 1090 adjuves
2206 1049 2229 1085 ,
2304 993 2877 1092 promoveasque.
2974 997 3331 1073 Bruxellae

941 1119 1080 1178 vu.
1128 1093 1561 1173 Novembris
1587 1110 1722 1166 cm
1778 1110 1859 1163 ιο
1908 1098 2157 1165 manv.

1167 1296 2182 1398 EPISTOLA
2297 1295 3076 1402 CCXLIV.

2026 1507 2311 1588 inedita.

939 1719 1092 1814 De
1144 1718 1484 1836 Mqflt‘no
1534 1682 1970 1836 Capellnno
2038 1715 2319 1834 Regio,
2434 1695 2583 1806 De
2618 1715 2977 1806 Abbatia
3024 1722 3325 1811 Aureae

1065 1835 1373 1940 Vallis,
1431 1863 1527 1920 ac
1573 1835 1671 1918 de
1716 1831 2228 1941 constituendo
2280 1829 2455 1946 Epi
2490 1853 2775 1943 copam
2824 1829 3320 1925 Luxembur-

1044 1947 1276 2065 getfi.
1394 1944 1753 2064 Hispani
1783 1943 2081 2032 milites
2110 1941 2383 2059 rursus
2449 1946 2863 2032 editionem
2882 1955 3319 2039 minantur.

1105 2174 1193 2248 L.
1246 2172 1346 2250 D.
1399 2173 1869 2261 Romu.
1968 2171 2086 2246 Ad
2127 2193 2365 2246 omnes
2423 2167 2524 2243 D.
2580 2169 2675 2244 T.
2708 2171 2943 2246 literas
2992 2193 3196 2247 antea
3222 2195 3325 2248 re-

1152 2269 1428 2366 spondi.
1524 2267 1765 2344 Hodie
1799 2289 2030 2344 autem
2074 2265 2416 2344 Moflinus
2450 2267 2874 2362 Capellanus
2895 2264 3163 2364 Regius
3182 2273 3325 2346 huc

937 2367 1162 2441 salvus
1207 2365 1626 2451 adveniens,
1673 2387 1824 2440 tuas
1853 2366 2025 2438 mihi
2059 2361 2402 2449 reddidit,
2454 2385 2664 2460 quem
2698 2364 2805 2436 uti
2846 2382 3049 2437 antea
3088 2367 3324 2440 virum

937 2463 1203 2537 bonum
1251 2462 1656 2558 cognorim,
1706 2463 1806 2534 ita
1847 2459 2222 2534 accedente
2261 2457 2355 2532 D.
2386 2459 2481 2534 V.
2533 2461 3173 2551 commendatione,
3218 2464 3327 2540 lu·

935 2560 1183 2634 benter
1267 2577 1548 2633 omnem
1633 2553 1950 2633 favorem
2026 2577 2237 2654 quem
2307 2576 2562 2652 potero
2605 2605 2628 2641 ,
2716 2555 2821 2628 illi
2902 2556 3323 2652 impendam.

935 2653 1210 2730 'Vereor
1252 2673 1482 2728 tamen
1520 2675 1607 2728 ne
1632 2675 1774 2726 non
1823 2651 1967 2727 fine
1997 2649 2399 2727 difficultate
2434 2649 2945 2746 effici‘poterit,
2992 2651 3191 2748 quod
3230 2654 3324 2728 de

934 2749 1248 2828 Abbatia
1293 2749 1546 2822 Aureae
1585 2745 1810 2826 Vallis
1857 2751 1931 2822 in
1968 2746 2250 2823 Ducam
2282 2743 2872 2841 Luxemburgenfi
2900 2750 3323 2842 praetendit,

939 2843 1099 2922 cum
1135 2839 1428 2941 religiofi
1463 2843 1612 2918 e’us
1645 2845 2037 2918 monasterii
2064 2847 2185 2920 vix
2216 2843 2339 2916 fibi
2370 2863 2803 2928 extraneum,
2846 2842 3329 2940 irregularem⁴

941 2965 1123 3040 que,
1172 2935 1453 3014 excluso
1563 2941 1749 3014 riore
1777 2994 1798 3030 ,
1849 2935 2260 3014 auetoritate
2302 2937 2527 3034 Regia
2562 2941 2937 3034 patiantur.
3040 2940 3189 3014 Sed
3226 2961 3329 3013 ta·

937 3060 1099 3112 men
1145 3036 1540 3112 videbimus
1583 3034 1756 3132 quid
1801 3034 2077 3110 efficere
2117 3037 2547 3132 poterimu23
2594 3059 2675 3108 ac
2732 3035 2799 3105 in
2840 3031 3329 3110 constituendo

937 3132 1198 3228 Episco
1254 3149 1368 3205 atu
1403 3128 2042 3227 Luxemburgenfi‚
2090 3153 2235 3206 non
2278 3129 2572 3204 modicae
2612 3127 2923 3206 similiter
2944 3131 3331 3208 difficulta-

938 3246 1046 3312 tes
1112 3226 1176 3300 se
1208 3255 1246 3302 e
1299 3225 1601 3300 offerent
1619 3277 1646 3314 ,
1693 3227 2239 3323 praestiteratque
2280 3223 2579 3310 sermm,
2628 3227 2798 3300 dum
2828 3227 3082 3317 caluit,
3130 3228 3325 3304 cudi.

937 3321 1050 3399 Ac
1109 3320 1266 3395 cum
1299 3325 1582 3420 quidam
1613 3326 1952 3419 incipiant
1981 3327 2069 3398 ad
2104 3345 2377 3403 veteres
2411 3323 2638 3400 redire
2668 3322 3043 3398 calumnias
3082 3327 3332 3404 adver·

931 3415 1052 3496 sus
1107 3417 1566 3493 Abbatiarum
1611 3420 2291 3514 incorporationem,
2338 3419 2413 3494 &
2460 3415 2561 3489 D.
2618 3415 2712 3488 V.
2760 3441 2903 3490 non
2962 3417 3045 3492 fit
3080 3422 3325 3495 immee

939 3539 1135 3602 mor,
1182 3505 1366 3610 quid
1398 3507 1649 3590 Romae
1681 3513 2059 3590 Molinaeus
2107 3513 2337 3591 noster
2367 3511 2801 3602 sollicitarit,
2850 3513 3137 3590 arrefiiae
3166 3515 3325 3592 sunt

935 3613 1310 3688 multorum
1351 3631 1547 3684 aures
1583 3611 1658 3684 in
1696 3619 1969 3684 omnem
2010 3609 2335 3687 sinistram
2372 3606 2823 3685 occationem.
2930 3637 2937 3642 ·

1035 3707 1154 3780 De
1207 3707 1484 3782 medico
1517 3753 1542 3791 ,
1605 3705 2077 3800 chirurgoque
2120 3703 2613 3798 conquirendo
2640 3755 2667 3789 ,
2728 3705 2995 3800 aliquid
3040 3727 3325 3803 quoque

935 3801 1406 3898 superioribus
1449 3802 1666 3874 literis
1703 3803 1790 3876 ad
1827 3823 1899 3875 te
1924 3800 2183 3896 scripsi.
2282 3800 2437 3875 Hic
2467 3821 2699 3873 autem
2732 3821 3193 3899 utrorumque
3216 3804 3329 3874 la.-

935 3897 1259 3974 boramus
1305 3897 1649 3994 penuria,
1695 3897 2073 3995 praesertim
2126 3898 2256 3998 qui.
2306 3897 2505 3992 digni
2532 3895 2973 3992 judicentur,
3020 3920 3103 3972 ut
3138 3893 3329 3992 Regi

805 4025 819 4044 .
935 3995 1526 4068 commendentur.
1625 3993 1692 4067 A
1745 3993 2131 4069 Remberto
2180 4013 2402 4087 nuper
2447 3994 2679 4066 literas
2730 3999 3021 4092 accepi,
3068 3993 3333 4090 quibus

935 4087 1006 4163 se
1047 4084 1308 4160 salvum
1357 4087 1698 4164 Viennam
1740 4087 2122 4186 pervenisse
2153 4143 2176 4178 ,
2241 4087 2852 4184 humaniffimeque
2911 4091 3001 4168 ab
3053 4087 3331 4170 Caesare

924 4205 1102 4272 Jacce
1157 4205 1302 4254 tum
1335 4179 1586 4255 scribit.
2198 4267 2211 4280 ·
2266 4271 2273 4276 ¹
2556 4267 2566 4272 ,
3320 4261 3355 4270 ,

1118 4277 1338 4382 ispani
1368 4272 1590 4358 nostri
1629 4278 1883 4358 iterum
1936 4275 2343 4409 seditionem
2371 4283 2581 4384 *nobis
2614 4283 2966 4362 minantur
2984 4337 3009 4375 ,
3056 4279 3331 4454 &segg-'2
