3700 4884
888 333 1063 465 476
1104 334 1632 435 .V1GL1r
1672 335 1823 461 ΑΒ·
1861 330 2274 433 AYTzT
2297 324 2410 445 A¹
2443 322 3018 422 ZUIOHE
3039 320 3194 418 Ml

893 528 1183 614 uxorem
1238 558 1325 607 ue
1374 556 1455 605 ac
1492 529 1820 603 familiam
1873 546 2098 603 totam
2143 515 2330 598 reeie
2361 527 2616 597 valere.
2714 520 2819 593 Et·
2865 520 3070 593 nobis
3123 542 3316 597 certe

852 660 861 667 ·
893 640 1160 726 volupe
1228 632 1329 701 uit
1349 682 1367 713 ‚
1411 628 1570 701 cum
1604 626 1879 721 privata
1910 644 2064 707 tua,
2087 642 2248 713 ‚tum
2267 620 2594 725 publica,
2619 620 2693 694 &
2725 641 2880 715 quae
2902 619 3004 690 -ad
3037 618 3312 717 Regem

892 732 1293 827 pertinent,
1346 722 1413 794 se
1468 720 1654 795 reete
1702 720 1980 793 habere.
2187 749 2194 761 ·

943 840 973 885 ἰ
1000 818 1472 908 illustrisfimut
1508 816 1682 891 Dux
1720 817 1870 903 aliis
1910 812 2228 911 plurimis
2265 810 2568 906 negotiis
2605 812 3019 905 impeditus,
3049 813 3124 883 in
3169 816 3314 888 hoc

899 912 1133 995 rerum
1174 915 1565 989 discrimine
1618 937 1697 985 ea
1712 918 1735 995 3
1788 932 1946 1005 quae
1997 910 2038 981 ὲ
2092 909 2456 1005 Majestate
2497 906 2610 980 sua
2660 906 2860 1002 super
2909 908 3320 1005 provifione

900 1012 1455 1111 Episcopatuum
1482 1062 1501 1094 ,
1564 1007 2208 1100 beneficiorumque
2264 1005 2586 1078 mandata
2629 1002 2957 1090 fuerunt,
3002 1010 3318 1082 nondum

902 1110 1157 1205 exequi
1203 1110 1479 1204 potuit:
1530 1104 1647 1179 sed
1680 1128 1761 1178 ea
1814 1102 1885 1178 se
1933 1122 2337 1177 curaturum
2378 1104 2608 1196 primo
2658 1123 2942 1198 quoque
2997 1118 3318 1199 tempore

901 1206 1122 1293 dixit-3
1170 1205 1469 1298 proinde
1511 1222 1647 1299 ego
1692 1222 1980 1297 quoque
2037 1220 2183 1271 non
2228 1194 2456 1272 habeo
2504 1196 2736 1271 adhuc
2781 1250 2803 1287 ,
2865 1199 3066 1291 quod
3118 1200 3325 1301 super

904 1302 1089 1379 hisce-
1126 1302 1261 1373 tibi
1316 1296 1813 1395 respondeam.-
1895 1330 1936 1347 ··

1005 1396 1437 1469 Denneterio
1504 1396 1675 1490 quid
1723 1398 1796 1467 in
1842 1390 1966 1489 via
2013 1390 2344 1465 acciderit
2374 1440 2399 1478 ,
2463 1410 2534 1467 te
2583 1410 2726 1463 non
2772 1391 3090 1486 ignorare
3137 1392 3320 1467 arbi·

912 1513 1101 1577 tror,
1154 1496 1423 1587 dequo
1454 1490 1610 1565 sane
1656 1493 1946 1563 multum
1991 1486 2328 1561 dolemus·
2623 1538 2630 1545 -
3158 1520 3167 1527 ·

916 1635 929 1649 ·
1010 1588 1125 1662 De
1180 1586 1579 1663 Dalemenfi
1641 1587 1930 1683 negotio
1977 1604 2104 1657 tuo
2181 1587 2324 1659 hoc
2386 1602 2456 1657 te
2517 1582 2934 1661 securiorem
2993 1584 3327 1681 deinceps

900 1684 1073 1771 ,ihre
1126 1706 1453 1781 putamus
1491 1739 1514 1774 ,
1582 1685 1779 1781 quod
1828 1678 2295 1756 adversar-ium
2343 1679 2710 1755 Geufianis
2767 1706 3022 1759 nomen
3069 1682 3329 1757 dediss'e

912 1785 1399 1879 cognovimus⁸

1014 1880 1275 1953 Comes
1330 1878 1744 1951 Ludovicus
1808 1896 2151 1973 occupata
2217 1872 2515 1980 Damma
2549 1930 2572 1967 ,
2638 1875 2924 1970 aliisque
2978 1878 3336 1951 nonnullis

912 1978 1118 2074 pagis
1164 1973 1355 2070 apud
1418 1973 1862 2067 Groningam
1892 2026 1916 2059 ,
1985 1975 2356 2071 imperium
2397 1972 2498 2045 ibi
2546 1992 2824 2046 exercet
2871 2022 2896 2057 ‚
2963 1974 3038 2045 &
3095 1973 3332 2048 Status

914 2071 1295 2146 oonscribit
1318 2122 1342 2159 ,
1390 2067 1755 2163 edictaque
1790 2073 2142 2165 publicat,
2197 2092 2279 2142 ac
2323 2088 2549 2163 nuper
2585 2067 2877 2141 castrum
2915 2066 3336 2143 Hammense

912 2166 1277 2264 Mepschii
1339 2166 1550 2239 nostri
1598 2220 1619 2254 ‚
1688 2167 1884 2261 quod
1930 2168 2046 2240 ille
2103 2168 2209 2240 (ad
2265 2167 2550 2259 triginta
2603 2164 3028 2239 florenorum
3098 2190 3343 2241 aureo-

912 2286 1067 2339 rum
1109 2263 1325 2337 millia
1376 2263 1707 2336 aestimant
1739 2313 1762 2346 ,
1813 2262 2142 2339 incendio
2175 2261 2634 2356 consumpsit,
2687 2262 2880 2357 qnod
2948 2264 3146 2335 illum
3188 2285 3337 2359 prae

914 2362 1184 2434 caeteris
1220 2410 1246 2441 ,
1312 2359 1677 2431 conatibus
1728 2356 1866 2431 suis
1912 2356 2230 2431 obfistere
2269 2360 2591 2452 intelligo
2623 2406 2647 2441 ,
2718 2354 3059 2451 mittoque
3104 2356 3342 2435 scedu-

916 2460 1057 2528 lam
1096 2504 1119 2540 ,
1191 2480 1279 2529 ex
1328 2478 1467 2548 qua
1524 2450 1898 2549 cognosces
1947 2502 1969 2539 ,
2031 2456 2158 2551 qui
2214 2474 2303 2528 ex
2351 2454 2763 2527 nostratibus
2813 2455 3227 2549 potiffimum
3279 2458 3346 2527 ei

924 2550 1346 2622 adhaereant.
1452 2546 1803 2641 Quotidie
1859 2570 2084 2623 autem
2147 2550 2240 2621 ad
2294 2572 2448 2621 eum
2501 2551 2719 2643 major
2771 2552 3140 2623 multitudo
3177 2575 3343 2625 con-

924 2642 1133 2727 fluit,
1182 2642 1431 2718 verum
1461 2644 1640 2718 cum
1680 2644 2226 2740 Arenbergeniis
2269 2648 2410 2739 J‘am
2459 2642 2731 2743 pridem
2781 2648 2852 2718 in
2900 2645 3184 2721 Frisium
3223 2651 3340 2721 ad·

772 2736 799 2749 ”
926 2742 1241 2831 venerit,
1287 2738 1779 2835 suppetiasque
1832 2742 1898 2813 ei
1946 2740 2120 2813 Dux
2167 2743 2394 2814 mittat
2427 2792 2448 2827 ,
2499 2766 2581 2816 ac
2615 2742 2838 2816 eidem
2877 2740 3229 2839 Meganus
3271 2745 3343 2813 in

928 2840 1267 2911 auxilium
1320 2834 1793 2928 proficiscatur
1839 2886 1863 2922 ,
1911 2834 2159 2931 spero,
2198 2860 2324 2909 nos
2377 2839 2578 2911 brevi
2623 2840 2724 2911 .de
2775 2836 2986 2911 faelici
3040 2837 3344 2915 successu
3433 2892 3438 2897 -

670 3010 675 3019 ,
817 3010 828 3015 ,
929 2957 1123 3007 nova
1167 2933 1371 3006 vobis
1405 2931 1813 3029 scripturos.
1884 2928 2074 3005 Bene
2105 2936 2300 3021 vale,
2351 2932 2508 3005 CL.
2544 2934 2637 3006 D.
2680 2932 3146 3010 Homnae.
3203 2935 3344 3011 Da·

932 3049 1079 3105 tum
1114 3028 1461 3104 Bruxellae
1508 3050 1658 3103 xxx.
1704 3026 1878 3105 Maii
1928 3051 2042 3101 cm
2096 3050 2167 3102 10
2217 3050 2524 3104 valu.

1458 3232 2482 3329 EPISTOLA
2597 3184 2848 3329 Lxss

942 3462 1089 3554 De
1181 3460 1515 3577 mtffione
1624 3467 2132 3580 impetranda
2209 3472 2444 3551 enixe
2508 3471 2902 3555 contendit
2945 3497 2972 3571 ;
3038 3469 3360 3577 statum

1064 3578 1387 3687 Constlii
1422 3582 1728 3689 privati
1762 3576 2166 3690 destribim
2231 3580 2325 3671 V
2315 3582 2863 3697 icepraesidem
2913 3582 3301 3689 desiderat
3319 3645 3349 3688 ,

935 3752 945 3759 -
1030 3692 1119 3798 st
1142 3692 1245 3776 ab
1282 3688 1519 3802 officio
1552 3700 1858 3777 omnino
1911 3690 2214 3807 absolvi
2244 3703 2518 3809 nequit
2558 3729 2577 3780 ε
2639 3694 2979 3804 offerens
3005 3716 3343 3811 partem

1030 3804 1415 4006 ἐξειπών·
1486 3802 1600 3896 &⁹
1633 3805 1892 3919 sigilli
1937 3804 2378 3915 custodiam.
2499 3804 2643 3894 De
2680 3802 2917 3895 rebus
2943 3816 3300 3927 privatis
3316 3869 3346 3912 ,

1246 3916 1470 4003 libris
1542 3920 1657 4004 ad
1702 3918 2194 4033 Hopperum
2269 3922 2698 4009 mittendis.
2826 3920 3130 4011 Gratia
3189 3920 3353 4009 Re-

1046 4036 1191 4145 gia
1207 4090 1236 4133 ‚
1291 4036 1685 4149 veniaque
1702 4050 1711 4057 ’
1712 4032 2288 4149 procrastinata
2349 4035 2652 4123 malum
2673 4044 3022 4152 peperit.
3123 4036 3347 4127 ‘Con-

1029 4140 1209 4249 stlii
1276 4142 1727 4247 Tridentini
1772 4156 2316 4267 executionem
2363 4148 2584 4255 Dux
2618 4171 2877 4269 urget.
2997 4150 3346 4355 Synoilsuls
