3700 4884
449 390 1100 491 EPISTOLAE·
1148 391 1325 486 AD
1371 390 1812 503 JOAcH.
1871 390 2588 497 HoppERUM.
2616 422 2807 523 3473
2854 320 2865 329 ’

401 589 596 685 quod
647 589 736 662 de
783 588 960 664 cane'
1004 587 1400 661 venationis
1455 585 1616 662 sene
1650 586 1957 681 AEsopus
1995 586 2363 663 fabulatur.
2431 588 2613 663 Cum
2636 591 2793 685 jam

393 687 658 758 dudum
703 683 1047 759 scribendi
1097 682 1448 769 officium,
1500 686 1695 777 quod
1751 686 1933 755 olim.
1975 684 2209 758 amicis
2262 687 2557 783 impigre
2603 710 2784 781 prae-

389 778 692 866 stabam,
741 779 1261 864 intermiserim,
1314 803 1396 853 ac
1440 782 1526 852 ad
1577 798 1643 851 te
1699 782 2011 873 aliosque
2044 804 2311 875 paucos
2360 788 2616 855 amicos
2643 780 2784 853 for·

389 894 463 950 te
513 874 718 949 semel
765 880 839 949 in
887 874 1158 961 mense,
1211 872 1590 948 amanuensi
1657 874 1919 967 aliquid
1968 877 2157 949 diCto
2181 927 2203 962 ,
2270 879 2437 953 dum
2494 880 2781 974 propria

391 994 635 1047 manus
686 970 958 1046 solitam
1002 994 1290 1067 operam
1332 971 1656 1045 recusat:
1706 973 1868 1043 ideo
1923 995 2012 1043 ue
2050 973 2119 1043 in
2152 976 2459 1069 negotiis
2486 976 2789 1070 publicis

390 1069 583 1143 hunc
632 1070 944 1143 laborem
990 1068 1166 1139 mihi
1201 1072 1342 1162 jam
1370 1069 1644 1163 pridem
1677 1066 1867 1141 Duci
1925 1090 1964 1139 a
2001 1066 2296 1156 remilit,
2347 1095 2475 1143 nec
2513 1070 2783 1165 possum

389 1165 698 1237 animum
749 1189 982 1237 meum
1022 1164 1408 1245 inducere,
1452 1184 1532 1235 ut
1561 1165 1848 1259 antiquo
1884 1186 1994 1237 me
2026 1167 2249 1263 patiar
2290 1167 2555 1239 includi
2584 1170 2781 1241 lud0.

388 1258 660 1334 Verum
733 1280 1088 1355 quatenus
1137 1261 1320 1331 vires
1368 1258 1552 1332 ferre
1596 1279 1966 1353 poterunt,
2016 1283 2100 1333 ac
2158 1262 2328 1334 mihi
2360 1262 2643 1343 consilia
2676 1289 2788 1351 τε..

387 1378 544 1431 xum
573 1360 1001 1451 agendarum
1060 1356 1788 1441 communicabantur,
1838 1356 2155 1429 lubenter
2200 1359 2336 1431 una
2388 1361 2734 1452 adjuvabo
2757 1411 2780 1448 ,

381 1473 467 1563 ut
516 1452 958 1525 Illusttiffimo
1013 1449 1203 1523 Duci
1323 1450 1643 1526 leniffime
1695 1452 1930 1536 iniis„
1981 1476 2141 1547 quae
2178 1476 2597 1541 occurrent,
2648 1479 2779 1553 per

413 1642 616 1718 cribo
639 1648 988 1739 ,primum
1013 1666 1131 1729 ,ut
1161 1664 1560 1740 promptam
1599 1666 1822 1716 meam
1864 1645 2301 1719 voluntatem
2321 1645 2778 1725 Excellentiae

302 1753 312 1763 '
384 1736 522 1813 fiiae
554 1741 904 1830 declares,
957 1741 1250 1825 deinde,
1302 1764 1392 1813 ne
1435 1742 1521 1815 de
1557 1762 1667 1813 me
1697 1744 1859 1835 plus
1898 1742 2311 1837 promittas,
2366 1744 2576 1835 quam
2598 1769 2781 1839 prae-

385 1834 562 1909 stare
597 1834 900 1931 poss'em,
949 1838 1344 1911 tunuetiam
1385 1858 1462 1911 ut
1498 1838 1760 1932 cogites
1796 1835 1891 1911 fic
1933 1834 2163 1913 officia
2192 1838 2577 1931 praestanda
2600 1842 2733 1933 effe
2755 1894 2799 1929 ,.
2878 1902 2891 1909 -

386 1951 508 2021 ut,
559 1934 793 2027 quoad
840 1935 1005 2008 licet
1023 1982 1047 2017 ‚
1099 1933 1434 2007 invidiam
1491 1933 2043 2027 calumniamque
2096 1934 2541 2009 declinemus.
2644 1940 2745 2011 Be
2766 1982 2792 2011 ι.

392 2030 656 2103 novale
681 2028 1036 2105 Horu-:aa
1055 2026 1228 2104 CL..
1257 2028 1606 2107 Bruxellae
1649 2054 1752 2105 ix.
1804 2028 2018 2105 Febr.
2068 2051 2197 2105 cro
2247 2052 2351 2105 ιο.
2401 2054 2601 2110 var.
2643 2040 2779 2128 (3)

990 2218 2011 2313 EPISTOLA
2126 2218 2287 2309 II.

387 2426 538 2519 De
600 2432 846 2515 initiis
907 2428 1392 2516 tumultuum
1443 2436 1524 2514 in
1581 2428 1885 2544 Belgio.
2002 2428 2151 2515 De
2201 2428 2439 2516 rebus
2476 2428 2785 2539 -Friszae

409 2648 418 2659 ⁴
489 2572 546 2629 a
568 2540 876 2631 Comite
901 2540 1522 2657 Arembergenst
1546 2543 2001 2657 compqsitis.
2040 2540 2191 2627 De
2202 2541 2461 2632 libello
2475 2542 2783 2633 Luthe·

487 2682 882 2745 ranorum
898 2656 1604 2773 Antverpienstum
1629 2679 1787 2771 per
1808 2654 2271 2746 Lindanum
2315 2656 2769 2767 refutando.

361 2864 690 3039 'DE-ia
706 2868 1143 2964 multumque
1190 2864 1345 2940 CL.
1401 2864 1494 2937 D.
1545 2864 1947 2952 Hamas,
1998 2866 2231 2940 literas
2282 2864 2321 2941 a
2362 2865 2771 2959 RegiaCu-
2868 2903 2879 2917 =

733 2962 1248 3061 expeciavimus
1275 3013 1300 3050 ,
1349 2984 1521 3057 quas
1568 2962 1847 3035 tandem
1898 2984 2050 3034 xvr.
2114 2964 2321 3059 hujus
2381 2962 2625 3035 mensis
2653 2966 2770 3037 die

377 3061 777 3171 accepimus
803 3112 825 3146 ,
876 3058 1178 3157 satisque
1217 3056 1533 3131 futurum
1555 3056 2003 3153 judicabam,
2055 3078 2135 3133 ut
2190 3061 2277 3132 ad
2317 3056 2581 3129 nostras
2622 3082 2765 3133 non

377 3175 522 3227 tam
569 3158 804 3230 literas
853 3156 1064 3253 quam
1110 3154 1662 3229 Commentarios
1685 3206 1705 3237 ‚
1753 3176 1838 3226 eo
1898 3154 2109 3226 modo
2140 3178 2281 3249 quo
2325 3151 2581 3226 facium
2624 3154 2764 3242 est,
2833 3231 2840 3237 ,

237 3328 250 3341 ,
373 3247 932 3345 responderetur.
1033 3251 1361 3326 Arbitror
1409 3269 1641 3325 autem
1674 3246 1767 3321 D.
1819 3248 1915 3323 T.
1967 3248 2105 3321 hoc
2140 3254 2365 3324 minus
2397 3253 2766 3346 prolixita-

371 3367 514 3419 tem
590 3348 777 3421 illam
825 3346 959 3423 effe
1013 3349 1409 3434 molestam,
1458 3350 1648 3441 quod
1690 3344 1832 3441 jam
1885 3347 1972 3417 ad
2006 3344 2405 3441 hujusmodi
2440 3350 2763 3441 phaleras

369 3439 778 3533 affueveris,
830 3440 908 3517 δι
955 3468 1283 3537 generum
1331 3444 1369 3516 a
1413 3442 1630 3517 soceri
1679 3438 2176 3538 consuetudine
2237 3468 2377 3515 non
2408 3442 2758 3519 discedere

371 3562 609 3650 aequus
642 3539 850 3615 feres.
953 3540 1172 3635 Quod
1215 3560 1446 3615 autem
1479 3538 1639 3611 Rex
1674 3540 1748 3608 in
1777 3536 1972 3610 suurn
2008 3538 2387 3613 adventum
2404 3543 2635 3611 omnia
2656 3562 2759 3611 re·
2790 3590 2807 3609 .

363 3636 523 3732 jicit
551 3686 574 3720 ,
627 3635 958 3733 equidem
1004 3660 1148 3711 non
1214 3635 1580 3733 improb0,
1631 3634 1846 3709 modo
1890 3635 2265 3709 adventum
2310 3635 2503 3711 suum
2538 3655 2756 3709 matu-

369 3753 476 3805 ret
496 3784 516 3818 ,
568 3755 646 3805 ut
678 3734 1120 3828 quotidianas
1159 3730 1628 3829 flagitationes
1671 3753 1913 3803 eorum
1948 3786 1967 3817 ,
2020 3736 2143 3827 qui
2180 3732 2264 3803 ad
2292 3731 2606 3806 Statuum
2640 3734 2759 3805 de·

365 3828 851 3905 liberationem
904 3830 1134 3907 omnia
1179 3831 1402 3928 redigi
1445 3828 1887 3929 expostulant
1904 3876 1933 3916 ‚
1990 3824 2314 3903 sustinere
2366 3826 2759 3903 excusatius

2638 3948 2761 4001 va-

450 4102 578 4189 (3)
610 4105 738 4171 ·Sic
783 4104 1048 4175 restitui
1101 4122 1192 4173 ex
1253 4105 1403 4175 MS.
1445 4106 1698 4175 nostro.
1783 4106 2142 4175 Gabbema
2198 4108 2413 4193 legit:
2459 4122 2607 4173 σιτ).
2652 4123 2792 4174 1o.·

365 4205 521 4255 Lvr.
601 4188 690 4253 Et
732 4202 812 4255 ut
857 4190 928 4257 id
990 4188 1194 4258 semel
1244 4190 1503 4269 dicam,
1547 4192 1602 4258 is
1639 4190 1955 4278 expressit
2010 4192 2155 4259 dies
2188 4190 2260 4259 ὅτ.
2294 4208 2509 4258 annos
2540 4190 2755 4275 literis

359 4272 730 4341 numericis
747 4271 1110 4351 Romanis,
1151 4274 1314 4343 cum
1345 4277 1416 4342 in
1449 4276 1698 4345 codice
1742 4276 1975 4343 nostro
2010 4276 2137 4343 sint
2172 4276 2388 4341 literae
2411 4274 2759 4341 Arabicae.

361 4355 507 4429 111ae
527 4368 760 4431 tamen
801 4358 1187 4435 retinendae
1212 4359 1376 4455 yisae
1408 4358 1568 4435 sunt
1601 4376 1953 4457 tamquam
1986 4359 2391 4437 securiores.

382 1544 602 1715 ἔρίίυε
638 1544 940 1621 Duciffae
977 1548 1206 1619 literas
1273 1546 1549 1623 atisfiat.
1653 1546 1877 1637 Quod
1914 1546 2075 1621 ideo
2105 1549 2195 1621 ad
2227 1570 2293 1622 te
2315 1602 2336 1636 ,
2386 1548 2777 1637 Horma,
2912 1625 2923 1631 -

3624 212 3642 397 ‚l—m——
