3700 4884
447 363 1102 464 EPISTOLAE
1157 367 1335 461 AD
1391 365 1824 478 JOACH.
1880 337 2591 490 HOPPERUM-
2616 404 2781 497 793

371 561 590 638 serius
643 585 876 636 autem
923 561 1170 638 eodem
1217 561 1494 634 tandem
1559 563 1880 656 appulit,
1932 563 2295 662 postquam
2364 572 2455 658 ii,
2556 573 2628 644 ni
2692 573 2779 646 ab

371 659 623 739 officiis
671 657 965 756 suspensi
1025 657 1256 742 fuere,
1307 657 1346 730 a
1383 657 1682 730 triennio
1743 659 1830 730 ad
1866 667 2352 755 purgationem
2390 663 2499 737 fru
2562 691 2635 739 ra
2649 661 2783 741 'ad-
2900 722 2927 742 .

367 756 563 828 mitti
627 757 1086 852 postulavere.
1187 752 1566 828 Novorum
1641 751 2153 851 Episcoporum
2226 757 2571 834 deleaum
2636 785 2783 837 non
2883 808 2891 813 —

367 849 648 946 poffum
706 875 848 925 non
909 851 1256 948 probare,
1320 845 1438 922 sed
1487 870 1742 921 vereor
1799 873 1889 922 ne
1934 851 2261 928 Decanus
2308 854 2377 924 T
2380 857 2773 932 ornacenlis

369 945 572 1042 (19)
623 949 718 1022 ob
751 965 1030 1022 aetatem
1071 949 1221 1024 hoe
1251 965 1508 1020 munus
1543 943 1852 1069 re·set,
1902 945 1979 1023 &
2019 948 2223 1042 (20)
2258 970 2580 1025 annatem
2631 951 2781 1028 Ro-

368 1044 764 1116 manensem
795 1042 1150 1116 exsolvere
1183 1057 1528 1134 gravetur.
2436 1051 2441 1059 ·

473 1137 816 1231 Jocobum
877 1132 1448 1210 Daventriensem
1497 1157 1638 1208 non
1697 1134 1879 1210 cesso
1912 1137 2403 1232 interpellare,
2455 1167 2598 1237 quo
2654 1143 2775 1220 de·
2811 1191 2828 1213 2

365 1232 608 1402 Pitslm
665 1231 976 1309 exsolvat
994 1284 1020 1316 ,
1069 1253 1358 1328 proquo
1391 1229 1659 1325 aliquot
1692 1234 1879 1329 milia
1905 1231 2337 1310 florenorum
2366 1239 2471 1312 illi
2502 1242 2775 1340 impen-

403 1353 446 1402 a
515 1353 698 1404 uere.
2234 1353 2247 1366 ·
2676 1381 2687 1392 ·

475 1425 834 1521 Mutynck
875 1421 1283 1520 jamdudum
1339 1424 1576 1497 literas
1632 1442 1785 1498 tuas
1837 1425 2009 1498 mihi
2037 1427 2347 1500 -reddidit
2366 1479 2391 1515 ,
2440 1429 2515 1504 &
2554 1434 2624 1504 in
2665 1429 2785 1505 fa«

367 1542 616 1595 vorem
677 1521 784 1594 Fu
881 1521 984 1592 eri
1041 1521 1647 1594 commendatitias
1703 1545 1991 1618 quoque
2058 1525 2146 1614 ab
2198 1523 2404 1596 Duce
2458 1526 2781 1602 Bavariae
2872 1547 2891 1566 ⁰

372 1613 588 1690 nob‘is
635 1545 912 1702 attufiff,
961 1619 1162 1711 eique
1206 1614 1568 1691 solutionis
1620 1618 1852 1712 aliqua
1899 1617 2109 1712 super
2142 1620 2341 1692 bonis
2380 1621 2768 1698 confiscatis
2843 1661 2861 1675 ι

369 1709 534 1808 spes
585 1709 766 1786 fa&a
812 1713 926 1786 est.
981 1710 1248 1786 Verum
1278 1710 1517 1785 solutis
1555 1711 1845 1800 debitis,
1895 1711 2479 1808 solutionibusque
2500 1770 2521 1800 ‚
2568 1717 2779 1815 super

367 1807 460 1882 iis
501 1805 704 1882 factis
726 1858 750 1893 ,
797 1831 1047 1882 vereor
1078 1833 1164 1882 ne
1195 1811 1486 1882 multum
1524 1805 1729 1882 restet
1769 1834 1786 1881 ε
1841 1809 1916 1884 &
1970 1809 2341 1884 meminiffe
2374 1813 2467 1886 l).
2506 1814 2597 1888 T.
2641 1839 2773 1912 pu-

369 1925 458 1978 to
485 1954 506 1989 ,
559 1904 728 1998 quid
786 1905 954 1976 olim
1011 1903 1099 1976 de
1149 1906 1234 1977 iis
1271 1903 1358 1976 ad
1393 1901 1606 1998 ipsam
1653 1903 2057 1998 scripserim.
2160 1905 2259 1977 Et
2294 1910 2354 1979 is
2392 1932 2533 1983 non
2574 1913 2787 1985 mini-·

367 2020 530 2072 mus
554 1999 892 2072 firiterror
912 1999 1192 2072 illorum
1213 2050 1236 2088 ,
1273 2000 1396 2092 qui
1429 1998 1726 2091 Regiam
1753 1999 2189 2095 MaJestatem
2209 2053 2233 2088 ,
2281 2006 2393 2076 uti
2426 2027 2557 2100 per
2587 2008 2774 2082 deci·

375 2115 573 2167 mum
632 2094 988 2167 denarium
1016 2143 1042 2180 ,
1089 2096 1186 2166 ita
1241 2114 1372 2187 per
1416 2091 1985 2168 confiscationum
2014 2100 2475 2171 emolumenta
2496 2149 2519 2182 ‚
2562 2104 2777 2174 tantis

373 2192 822 2266 incrementis
872 2185 1079 2263 beare
1123 2191 1321 2270 velle¹
1341 2185 1822 2284 jaEtaverunt,
1868 2188 2029 2263 cum
2078 2212 2323 2264 contra
2358 2215 2583 2268 totum
2626 2202 2773 2294 ejus

374 2287 626 2360 statum
669 2289 744 2358 in
779 2283 1210 2358 manifestum
1239 2305 1466 2380 prope
1497 2285 1909 2358 adduxerint
1932 2284 2313 2362 discrimen.

479 2380 828 2478 Optarem
879 2382 1069 2476 quod
1121 2380 1248 2452 tibi
1293 2379 1380 2451 ab
1415 2378 1614 2476 Rege
1649 2383 1766 2453 hic
1799 2381 2192 2476 affignatum
2224 2379 2363 2472 est,
2413 2383 2604 2480 poss'e
2640 2407 2773 2460 nos

305 2516 325 2524 ·
377 2478 617 2572 aliqua
680 2478 946 2549 ratione
996 2497 1415 2571 extorquere
1449 2524 1472 2555 ‚
1539 2477 1612 2547 in
1657 2498 1802 2570 quo
1849 2477 1889 2547 a
1950 2479 2151 2551 nobis
2206 2501 2346 2552 non
2382 2479 2767 2556 cessabitur.

380 2571 652 2646 Urdius
699 2568 932 2645 noster
987 2571 1106 2658 hic
1156 2568 1566 2666 quibusdam
1631 2571 1719 2644 de
1755 2567 1971 2645 caulis
2008 2573 2457 2670 negociisque
2497 2578 2583 2650 ad
2624 2577 2773 2652 offi·
2864 2635 2871 2641 -

357 2667 568 2768 [cium
619 2671 764 2764 ejus
817 2665 1327 2761 pertinentibus
1360 2673 1691 2740 eVocatus
1731 2667 1903 2752 ests
1925 2670 2039 2742 cui
2134 2669 2491 2744 raesentem
2530 2675 2771 2748 condi·
2944 2668 2949 2676 ’

379 2767 645 2837 tionem
677 2765 970 2836 multum
1003 2760 1368 2858 displicere
1420 2762 1776 2856 intelligo,
1828 2759 1902 2833 &
1935 2767 2048 2836 avi
2102 2790 2140 2838 e
2179 2765 2497 2864 expeftat
2541 2791 2617 2840 ut
2651 2771 2771 2841 ali·

383 2861 563 2956 quid
621 2858 742 2934 abs
778 2879 849 2933 te
887 2859 994 2932 illi
1041 2876 1508 2956 procuretur,
1557 2879 1700 2951 quo
1739 2855 2068 2931 familiam
2110 2863 2545 2935 commodius
2585 2863 2774 2938 susti·

375 2979 548 3032 nere
635 2955 824 3041 offit,
874 2951 954 3028 ὅτ
987 2976 1290 3027 meretur
1313 2971 1502 3029 certe
1545 2951 1852 3027 favorem
1934 2979 2088 3028 uem
2126 2955 2586 3031 Tzommonis
2611 2983 2771 3034 cau-

378 3050 454 3124 sa
483 3106 508 3137 ‚
583 3131 586 3136 ,
723 3050 1186 3146 patrocinium
1256 3045 1640 3145 impensum
1732 3072 1872 3143 apu
2004 3049 2395 3144 Vargianos
2494 3057 2769 3128 avertit.

373 3145 894 3220 Tzommonem
925 3167 1153 3219 autem
1181 3165 1270 3217 ex
1292 3141 1510 3218 Frifia
1555 3141 1931 3239 profugum
1954 3199 1977 3228 ‚
2029 3144 2365 3242 Princeps
2402 3147 2781 3236 Auraicen,

375 3242 466 3318 lis
514 3245 602 3318 ad
627 3241 1068 3314 Baillivatum
1111 3235 1804 3350 Middelburgensem
1837 3237 2153 3316 restituit.
2610 3281 2778 3362 mu,

470 3417 510 3503 (
533 3415 653 3500 19)
698 3415 981 3482 Deccmus
1017 3415 1447 3500 Tomacems]
1493 3414 1736 3482 Petrus
1805 3413 2183 3484 Pintaflour
2224 3419 2339 3502 qui
2368 3439 2553 3487 anno
2596 3439 2783 3508 1575.

383 3499 447 3568 E
499 3497 760 3582 iscopus
804 3497 1254 3568 Tornacenfis
1317 3498 1503 3566 astus
1553 3495 1669 3565 est.
1757 3497 1974 3584 Cujus
2013 3503 2245 3568 laudes
2286 3505 2437 3590 lege
2478 3507 2551 3570 in
2602 3505 2779 3574 Gall.

390 3585 450 3652 C
489 3589 542 3650 ri
594 3635 610 3650 .
648 3583 816 3648 Tom.
861 3597 921 3662 3.
963 3584 1050 3647 cot
1075 3599 1223 3668 241.
1261 3581 1797 3660 Animadverte,
1852 3583 2121 3651 hicnon
2149 3585 2237 3652 de
2274 3579 2468 3652 novis
2511 3588 2779 3654 sedibus
2850 3603 2861 3620 ⁸

388 3667 520 3752 Epi
551 3663 957 3764 copalibus,
995 3665 1112 3734 sed
1141 3665 1231 3732 de
1288 3665 1490 3732 novis
1542 3663 1896 3752 Episcopis
1945 3665 2204 3734 sedium
2263 3671 2333 3734 in
2365 3670 2602 3754 Belgio
2660 3689 2783 3737 va·-

391 3767 736 3826 cantium‚
779 3767 816 3814 a
865 3765 910 3816 1.

400 3875 413 3886 ·
475 3832 648 3920 (πο)
694 3767 994 3898 Amtgatem
1045 3830 1510 3918 Romanensem]
1557 3831 1852 3906 Annam,
1892 3832 1985 3898 fic
2018 3835 2205 3898 enim
2253 3833 2637 3916 loquimur,
2678 3835 2779 3904 efl:

387 3917 708 3990 beneficii
733 3914 1170 3984 ecclesiastici
1225 3931 1490 3984 annuus
1535 3929 1959 3997 proventus,
1999 3917 2115 3996 qui
2144 3916 2452 3984 Romano
2494 3919 2779 3987 Pontifi-

391 4003 464 4068 ci
492 3999 816 4083 penditur
851 3999 923 4066 su
975 4019 1054 4070 er
1085 4000 1400 4068 omnibus
1437 3997 1792 4067 beneficiis
1831 3996 2457 4076 Confistorialibus‚
2502 4023 2630 4085 pro
2652 4023 2771 4072 ex-

318 4101 327 4110 ·
397 4081 758 4168 peditione
808 4079 926 4149 bul
955 4102 1147 4152 arum
1190 4104 1207 4151 ε
1261 4083 1350 4154 de
1419 4098 1552 4166 qua
1599 4077 1991 4148 Canonistae
2036 4080 2287 4165 panim.
2367 4085 2613 4154 Videri
2649 4107 2780 4171 po-

391 4163 1071 4338 ιςεὲξῃιξὲίἑὶέἰτέιέἓτὶιιω
1109 4167 1620 4240 Trivoltianum
1643 4209 1664 4242 ‚
1725 4163 1846 4232 ubi
1922 4162 2012 4234 de
2057 4173 2297 4240 annatis
2344 4169 2669 4275 historice
2704 4167 2777 4237 δι

1397 4301 1632 4412 'Hhh
1678 4332 1859 4431 hh3
