3700 4884
94 4482 128 4862 ιὶ

409 353 1088 454 EPISTOLAE·
1113 353 1296 452 Ao
1347 353 1777 466 JOACH.
1831 283 2789 483 HOPPERUM}433.

385 551 637 646 3Quae
667 572 842 626 vero
879 546 980 623 ibi
1013 571 1370 646 geruntur,
1389 573 1482 624 ex
1513 549 2097 646 Mepschiiiiteris
2114 604 2161 642 ,„
2192 577 2497 652 quarum
2526 579 2757 647 exemp

339 647 495 747 plar
539 643 725 722 hisce
763 646 1097 742 adjunxi,
1143 650 1518 744 percipere
1567 647 1832 723 licebit.
1888 687 1904 694 -
1999 723 2014 735 ,
2489 731 2497 739 ,.
2806 707 2815 718 .

429 741 788 838 jansenius
819 741 1151 838 pensione
1181 747 1456 818 mavult
1481 739 1614 816 effe
1649 760 2024 818 contentus
2046 794 2068 830 ,
2122 744 2331 839 quam
2363 747 2759 824 Monachus·
2784 795 2813 812 .-

329 863 492 915 rum
525 839 837 934 regimen
889 837 1276 934 suscipere,
1317 839 1438 914 sed
1474 861 1728 924 vereor
1783 863 1873 916 ne
1936 863 2017 914 ea
2114 840 2539 936 hilosophiae
2570 847 2769 934 ratio-

332 935 608 1030 semper
651 935 718 1006 ei
761 936 1047 1010 constet.
1145 932 1324 1010 Non
1374 955 1606 1008 tamen
1657 937 1810 1031 -eJus
1870 957 2025 1008 con
2054 938 2179 1007 ilio
2220 935 2582 1032 refragari,
2616 943 2757 1028 sta·-
2797 983 2818 992 —

334 1035 478 1118 tui,
531 1056 615 1104 ne
641 1081 674 1112 ,.
715 1031 910 1124 quod
967 1033 1044 1106 in
1077 1031 1265 1111 illius
1321 1032 1770 1106 commodum
1811 1052 2017 1116 antea
2065 1031 2418 1122 consului,
2466 1035 2539 1106 in
2590 1057 2767 1129 prp-

333 1129 572 1224 prium
610 1123 842 1200 feciss'e
877 1128 1143 1204 videar..
1244 1125 1470 1216 Quod
1504 1123 1556 1198 fi
1587 1145 1818 1201 tamen
1851 1130 2217 1206 accederet-
2246 1127 2486 1223 penfio
2504 1129 2758 1226 Hispa.-

333 1226 534 1305 nica‚
588 1223 958 1308 meliorem,
981 1221 1266 1304 vivendi
1299 1223 1650 1318 rationem
1667 1223 1999 1307 luberet,-
2046 1245 2175 1295 nec
2206 1225 2503 1296 arbitror
2536 1223 2759 1319 Regia

337 1318 474 1395 effe
515 1317 952 1402 sententiam,
1003 1334 1083 1389 ut
1143 1319 1410 1390 viventi
1436 1317 1610 1390 mihi
1659 1317 2098 1405 detrahatur,
2146 1320 2269 1411 qui
2313 1317 2581 1413 semper
2628 1323 2753 1396 be·
2802 1365 2819 1371 --

333 1414 730 1488 neficentiae
757 1407 894 1486 suae.
921 1409 1110 1506 spem
1163 1414 1336 1486 mihi
1383 1411 1596 1504 fecit,
1645 1409 1724 1486 δι
1787 1435 1931 1518 pon
1978 1435 2169 1499 mea,
2216 1413 2331 1487 sed
2384 1412 2659 1510 collegii
2706 1417 2755 1494 ὲ

336 1533 454 1582 me
490 1506 775 1580 instituti
801 1509 1002 1581 causa
1033 1507 1499 1601 expetendam
1545 1530 1701 1582 eam
1741 1507 1931 1581 duxi.
2031 1507 2167 1580 Sed
2196 1532 2443 1604 parum
2516 1513 2603 1584 de
2665 1536 2761 1587 eo·

333 1604 486 1678 sum
521 1601 858 1686 sollicitus
877 1649 907 1688 ,
951 1601 1196 1678 verum
1239 1605 1326 1676 de
1369 1626 1471 1676 eo.
1494 1605 1718 1676 multo
1745 1605 2009 1698 magis,
2058 1627 2201 1697 quo
2238 1607 2451 1678 modo
2500 1630 2585 1682 ex
2607 1609 2759 1698 hoe

332 1701 632 1796 pistrino
665 1721 775 1780 me
813 1702 1190 1784 extricem,
1237 1722 1400 1772 nam
1433 1721 1594 1772 cum
1629 1697 1834 1777 Duce
1870 1721 2091 1794 nuper
2134 1701 2225 1772 de
2256 1723 2412 1774 meo
2452 1705 2751 1796 negotio,
2827 1702 2833 1710 “

330 1799 729 1877 collocutus
793 1799 1058 1880 nullam.
1105 1793 1656 1870 consolationem
1725 1798 2015 1890 accepi,
2056 1793 2173 1867 sed
2231 1799 2589 1870 exhortari
2631 1799 2759 1872 ille

337 1913 456 1966 me
511 1891 740 1985 pergit
766 1942 787 1974 ‚
835 1915 916 1966 ut
964 1891 1052 1962 ad
1117 1893 1411 1964 meliora
1464 1912 1782 1984 tempora
1839 1889 2191 1964 servitium
2240 1915 2471 1968 meum
2528 1895 2755 1980 conti-

332 2010 612 2074 nuem:‚
637 2006 936 2092 quorum
969 1985 1254 2080 quidem
1293 2005 1436 2066 tem
1489 2008 1692 2060 orum
1720 1987 2063 2058 modicam
2116 1983 2447 2059 hactenus
2496 1987 2693 2081 spem
2718 2037 2759 2074 ,
2826 2033 2837 2042 ·

331 2078 454 2156 sed
487 2087 722 2157 oinma
751 2081 824 2153 in
860 2083 1204 2156 deteriora
1233 2081 1437 2174 prola
1489 2083 1514 2152 i
1549 2103 1832 2154 cernere
1864 2080 2108 2152 licuit.·
2172 2078 2409 2172 Quod
2445 2106 2553 2172 me
2586 2105 2753 2177 pro-

330 2175 526 2252 festo
569 2198 714 2248 non
765 2199 1014 2270 parum
1055 2175 1449 2261 contristat,
1496 2177 1852 2268 videoque
1885 2176 2060 2246 mihi
2102 2174 2383 2248 confilia
2418 2199 2571 2249 mea
2599 2182 2753 2271 pla·

334 2298 428 2348 ne
467 2271 726 2342 sinistre
766 2272 1040 2344 cedere.
1139 2269 1334 2342 Dum
1365 2270 1546 2342 enim
1577 2267 1700 2363 spe
1737 2269 2057 2342 mistionis
2100 2265 2611 2344 favorabilioris
2654 2276 2765 2349 do

335 2389 672 2462 operam,
723 2387 804 2436 ac
855 2367 1013 2462 plus
1057 2386 1240 2459 pene
1271 2414 1294 2452 ,
1343 2380 1551 2460 quam
1593 2366 1772 2436 vires
1805 2363 1987 2437 ferre
2032 2361 2349 2458 possunt,
2400 2367 2753 2463 quamque

335 2461 492 2538 odii
521 2461 958 2556 periculique
986 2461 1256 2534 vitandi
1297 2463 1475 2533 ratio
1515 2460 1871 2555 exposcit,
1920 2459 2197 2532 servitia
2229 2483 2380 2534 mea
2422 2479 2751 2558 compro-

334 2561 534 2644 bam,
555 2555 694 2630 sata
745 2579 838 2641 o,
900 2557 976 2628 in
1017 2557 1190 2635 illud
1233 2577 1344 2628 me
1397 2558 1754 2630 incurrere
1803 2557 2016 2630 video
2034 2605 2063 2640 ,
2128 2558 2317 2650 quod
2366 2561 2811 2652 proverbio-'-

330 2654 630 2742 dicitur':
743 2651 944 2727 idelis
997 2649 1232 2726 servus
1283 2671 1664 2748 perpetuus
1713 2649 1955 2730 asinus.
2056 2651 2463 2726 Scribebam
2512 2676 2753 2730 autem

335 2772 566 2845 nuper
595 2747 688 2821 ad
728 2768 796 2822 te
835 2745 1064 2826 media
1121 2749 1392 2841 aliqua,
1463 2749 1714 2842 quibus
1766 2746 2112 2822 sublevari
2166 2745 2470 2843 postem,
2527 2775 2753 2847 eaque

335 2845 530 2918 Duci
561 2839 942 2940 proposui,
995 2840 1110 2914 sed
1146 2845 1230 2914 iis
1271 2862 1414 2914 non
1455 2845 1738 2917 attentis
1798 2868 1906 2916 me
1942 2839 2340 2938 simpliciter
2384 2848 2749 2922 continua-

335 2963 412 3016 re
438 2939 640 3036 jussit.
746 2936 1009 3032 Quaeso
1040 2957 1270 3010 autem
1300 2958 1378 3008 ut
1413 2961 1540 3033 per
1573 2937 2005 3012 occasionem
2045 2939 2228 3033 apud
2254 2936 2522 3032 Regem
2560 2942 2751 3014 idem-

335 3056 612 3120 tentes,
661 3037 920 3112 etenim
957 3032 1088 3128 ipsi
1119 3033 1452 3108 haetenus
1476 3084 1499 3118 ,
1549 3036 1875 3128 patrique
1912 3035 2221 3120 servivi,
2263 3033 2617 3128 ipsiusque
2652 3034 2760 3108 est

307 3134 588 3217 ⁴merita
623 3131 856 3208 nostra
899 3130 1298 3224 expendere
1323 3177 1348 3214 ,
1395 3129 1558 3204 cum
1612 3126 2145 3240 Guoematores
2168 3178 2188 3208 ‚
2218 3131 2494 3222 ‹quibus
2534 3129 2749 3204 servi-

333 3249 536 3310 mus,
587 3225 776 3302 aad
809 3225 878 3300 se
907 3243 1154 3318 parum
1186 3227 1544 3320 pertinere
1579 3223 2015 3312 existiment,
2063 3246 2146 3296 ac
2177 3223 2381 3298 nobis
2418 3228 2521 3302 uti
2554 3228 2765 3324 equis

335 3317 719 3396 meritoriis
769 3321 1160 3394 abutantur.
2010 3367 2013 3370 -
2568 3381 2573 3387 .

431 3415 634 3513 (33)
684 3412 1230 3510 Trajeftenfium
1259 3413 1728 3488 Ecclesiarum
1765 3413 2117 3512 Deputati'
2144 3415 2267 3490 hic
2302 3415 2589 3492 fuerunt
2622 3416 2751 3492 sub
2826 3463 2831 3478 ι

333 3515 519 3600 idem
559 3533 837 3606 ternpus
861 3559 884 3593 .
935 3533 1080 3604 quo
1128 3509 1514 3584 noviffimas
1571 3531 1722 3586 tuas
1776 3514 2017 3586 literas
2060 3515 2367 3608 accepi,w
2416 3513 2751 3608 spemque

333 3611 497 3687 inde
535 3605 674 3684 inis
713 3605 1063 3692 feceram,
1115 3603 1384 3700 Regem
1437 3607 1639 3700 super
1701 3610 2175 3683 moderatione
2224 3609 2531 3682 Concilii
2585 3607 2762 3699 (cu-

327 3704 442 3803 jus
494 3706 722 3804 gratia
777 3705 928 3780 hue
997 3704 1472 3793 advenerant>
1517 3704 1781 3806 aliquid
1837 3702 2211 3782 resolviffe.
2306 3699 2577 3779 verum
2618 3703 2777 3872 fige«

341 3843 380 3869 ·.
481 3835 496 3878 2
541 3833 584 3874 ÷-
741 3833 751 3840 ·
1493 3871 1500 3878 .
2538 3865 2545 3872 .
2591 3821 2669 3872 ‘Vl
2720 3821 2765 3874 8

349 3955 595 4103 ..ἔχῃ
627 3957 750 4024 'De
793 3954 1100 4038 concilii
1143 3940 1552 4024 ¹Tridentini
1593 3955 1780 4040 apud·
1835 3949 2373 4042 Ultrajestenses
2424 3967 2758 4038 accepta·

341 4037 396 4105 ti
447 4057 573 4114 ne,
609 4042 1216 4126 publicationeque
1242 4089 1262 4120 ,
1312 4042 1543 4107 multis
1587 4038 1904 4102 astumin
1945 4033 2090 4103 Bar.
2120 4035 2253 4123 sac.
2338 4053 2457 4104 art.
2502 4057 2567 4106 2.
2608 4036 2773 4106 sub‘..
2810 4063 2827 4076 ’

341 4117 720 4207 Schenkim
769 4125 1011 4194 Paucis
1044 4127 1115 4190 in
1156 4144 1308 4203 mea
1355 4124 1518 4208 Hist.
1559 4121 1716 4187 Ecct.
1754 4115 1990 4201 Ultraj.
2035 4135 2159 4188 art.
2199 4141 2282 4274 21
2374 4139 2414 4191 e
2452 4123 2781 4208 quinque·

337 4201 740 4362 {Qube-dis
769 4209 1320 4296 Aremepircopo
1368 4206 1644 4280 tributis
1676 4223 1810 4296 ego
1837 4219 2039 4276 arua
2094 4203 2163 4278 d.
2276 4205 2378 4292 Ψ»
