3700 4884
922 330 1095 518 4⁶⁸0
1161 383 1638 495 v-IGLu
1691 373 1830 478 ΑΒ
1890 375 2404 476 AYTTA
2456 371 3221 492 ZUICHEMI

1028 583 1360 666 Veterem
1415 577 1740 656 Tolenfis
1793 581 1885 654 M
1889 575 2251 675 agistratus
2284 570 2615 646 adversus·
2642 571 3009 648 Decanum
3044 573 3347 653 Pascha-

935 688 1108 762 fium
1151 678 1688 760 controversiam
1741 673 2220 784 iilustriffimus
2262 669 2439 744 Dux
2478 667 2787 743 Confilio
2802 718 2828 757 ,
2880 673 3075 768 quod
3114 663 3375 771 vulgo·-

940 787 1304 860 turbarum
1338 793 1640 862 vocant,
1689 768 2059 847 commifit.

911 861 924 873 ⁹
1034 873 1670 952 Reverendiffimus
1707 867 2098 961 ,jansenius
2142 863 2543 960 Episcopus
2602 861 2995 939 Gaudenfis
3039 916 3064 953 ,
3128 889 3355 964 nuper

937 973 1168 1052 rursus
1203 964 1657 1065 Paraphrafin
1699 967 1772 1038 in
1799 963 2107 1038 Psalmos
2140 961 2525 1036 Davidicos
2562 961 2821 1048 edidit,
2868 985 2953 1037 ac
2968 962 3349 1040 Commen-

944 1074 1163 1147 tarios
1233 1068 1445 1140 etiam
1478 1065 1552 1136 in
1584 1057 2145 1136 Ecclefiasticum
2178 1061 2401 1154 praelo
2486 1077 2653 1130 arat.
2748 1057 3195 1155 Exemplaria
3224 1083 3346 1136 au·-

941 1191 1084 1244 tem
1135 1168 1211 1240 in
1264 1158 1649 1270 proverbia
1695 1181 1780 1232 ac
1829 1155 2137 1230 Psalmos
2172 1155 2302 1264 tibi
2338 1154 2428 1264 de
2488 1156 2714 1240 inata3
2741 1155 2957 1268 ‘apud
2992 1179 3105 1274 me
3138 1153 3340 1247 sunt,

942 1281 1354 1434 ffirfiuffia
1379 1247 3002 1457 ἓῖιῖἶῗῗεὲῗιὲἒὲἷξῗωὲὲᾞῖἶῧῗὲῖἷῗῗέ,
3024 1275 3343 1424 ἳὶῗιέἓῖ

841 1487 850 1498 ·
943 1457 1151 1530 nuliis
1191 1452 1280 1526 de
1319 1449 1530 1523 rebus
1576 1472 1713 1520 una
1746 1447 2409 1521 communicaremus
2430 1496 2453 1531 ‚
2500 1445 2616 1516 ille
2666 1442 3086 1530 divertiss'et,
3132 1469 3342 1521 occa-

943 1551 1136 1626 fione
1184 1547 1459 1634 oblata,
1511 1546 1600 1619 de
1651 1544 2099 1640 quibusdam,
2151 1563 2313 1636 quae
2362 1542 2453 1614 ad
2502 1537 2829 1614 decorem
2854 1540 3187 1618 Ecclefiae
3216 1567 3345 1618 no-

947 1649 1106 1723 strae
1155 1643 1585 1743 pertinerent
1605 1695 1626 1730 ,
1675 1641 2133 1724 contulimus,
2182 1659 2265 1710 ac
2314 1637 2493 1712 inter
2534 1657 2788 1710 caetera
2828 1636 3339 1718 considerantes

947 1743 1232 1820 titulum
1289 1739 1869 1834 dignitatemque,
1924 1757 2137 1832 quam
2194 1755 2327 1828 ego
2372 1735 2448 1808 in
2488 1730 2802 1809 Ecclesia
2840 1733 3073 1808 Sancti
3106 1736 3339 1811 Bavo-

946 1841 1060 1914 nis
1123 1861 1295 1936 gero
1315 1885 1340 1922 ,
1385 1832 1579 1908 facili
1628 1835 1897 1907 ratione
1948 1826 2147 1926 poss'e
2202 1829 2480 1904 retineri
2516 1854 2535 1902 z
2588 1848 2669 1902 ut
2712 1829 3045 1907 videlicet
3090 1834 3345 1908 ceden-

950 1938 1143 2013 tibus
1197 1931 1360 2030 post
1411 1951 1708 2007 mortem
1738 1951 1963 2005 meam
1996 1923 2475 2022 Praepofiturae
2508 1925 2711 2000 bonis
2733 1976 2756 2011 ,
2807 1950 2967 2022 quae
2998 1929 3075 2002 in
3109 1926 3337 2026 fingu-

947 2035 1056 2107 los
1094 2053 1310 2106 annos
1340 2051 1478 2102 una
1507 2049 1668 2102 cum
1704 2026 1808 2098 his
1829 2079 1847 2104 ‚
1903 2044 2059 2120 quae
2098 2026 2187 2096 ab
2214 2021 2520 2096 Abbatia
2548 2019 2787 2095 Sancti
2818 2025 3011 2099 Petri
3050 2025 3186 2100 illis
3220 2027 3340 2102 ad-

948 2127 1126 2202 'ec'ta
1180 2124 1377 2208 sunt,
1427 2123 1517 2196 ad
1567 2121 1939 2198 duodecim
1986 2121 2203 2195 millia
2246 2117 2670 2192 florenorum
2701 2120 3115 2209 ascendent,
3164 2125 3338 2198 duas

939 2155 1365 2298 braebendas
1427 2241 1515 2292 ex
1570 2241 1875 2317 quatuor
1896 2269 1920 2305 ‚
1971 2217 2047 2290 id
2096 2216 2195 2290 est
2216 2267 2239 2304 ,
2286 2213 2477 2290 ostiu
2528 2235 2726 2290 entos
2764 2215 3069 2294 florenos
3095 2219 3341 2296 futuro

945 2315 1104 2394 Prae
1155 2317 1333 2392 ofito
1380 2317 1789 2416 relinquat:
1840 2313 2005 2390 cum
2056 2310 2417 2386 Pontificis
2534 2311 2815 2407 egisque
2864 2317 3167 2392 intentio
3196 2341 3341 2392 non

942 2415 984 2489 f
1028 2420 1041 2433 ‘
1101 2442 1141 2489 e
1206 2414 1528 2488 videatur
1557 2464 1578 2497 ,
1646 2433 1726 2488 ut
1775 2410 2072 2505 amplius
2128 2408 2333 2503 quam
2392 2432 2601 2485 unam
2661 2407 3146 2501 Praebendam‚
3264 2437 3343 2490 er

999 2534 1158 2586 uam
1217 2509 1645 2604 Capitularis
1693 2506 2079 2580 efficeretur
2113 2557 2163 2592 ,.
2200 2504 2569 2582 obtineret.
2670 2505 3165 2606 Lubenterque
3238 2511 3343 2584 1bi

1019 2606 1344 2702 piscopus
1395 2605 1744 2676 tantillum
1804 2601 2143 2678 decedere
2199 2621 2573 2676 contentus
2630 2601 2771 2686 est,
2821 2609 2945 2698 qui
2994 2631 3178 2701 pene
3216 2605 3347 2682 du.

947 2707 1078 2800 plo
1118 2700 1532 2794 opimiorem
1595 2701 1876 2786 dotem,
1925 2697 2134 2794 quam
2155 2699 2387 2770 caeteri
2406 2695 2784 2794 Episcopi,
2834 2699 2916 2772 fit
2937 2703 3343 2790 habiturus,
3416 2727 3425 2739 ·

949 2797 1030 2874 δι
1095 2797 1252 2872 111εέ,
1302 2793 1675 2878 industria,
1725 2817 1856 2869 nec
1914 2797 2174 2890 exiguo
2206 2791 2363 2866 sane
2400 2792 2728 2892 sumptu,
2776 2801 3006 2872 omnia
3039 2799 3339 2874 aedificia

946 2913 1268 2992 reparata
1295 2893 1716 2988 egregieque
1747 2891 2094 2966 instructa.
2192 2889 2376 2962 Cum
2414 2910 2647 2964 autem
2678 2915 2919 2967 omnes
2950 2895 3340 2991 Episcopa-

941 3013 1058 3066 tus
1117 3005 1386 3064 veteres
1437 2986 1770 3062 videlicet
1819 2986 2334 3060 Cameracensis
2356 3035 2381 3074 ,
2432 2985 2877 3072 Leodienfis,
2928 2991 3345 3066 Atrebaten·

945 3087 1080 3178 fis,
1135 3079 1640 3182 Trajestenfi3‚
1691 3107 1776 3158 ac
1827 3080 2329 3166 Tornacenfis,
2393 3083 2576 3154 hanc
2624 3079 2985 3179 Praepofiti
3036 3087 3343 3182 dignita-

944 3205 1132 3270 tem,
1177 3187 1476 3278 primam
1527 3183 1686 3275 post
1749 3177 2280 3275 Episcopalem,
2328 3179 2401 3250 in
2445 3174 2583 3252 suis
2630 3178 2959 3255 Ecclefiis
2990 3183 3341 3271 habeant,

941 3275 1614 3373 ignominiosumque
1645 3279 1815 3352 mihi
1844 3276 2206 3358 videatur,
2256 3277 2555 3370 primum
2596 3297 2708 3348 me
2744 3300 2829 3350 ac
2866 3281 3182 3352 ultimum
3210 3281 3341 3356 ha-

941 3375 1100 3450 beri
1153 3369 1607 3466 Praepofitum
1628 3422 1651 3455 ,
1702 3373 2251 3467 dignitatemque
2296 3372 2369 3444 in
2398 3391 2510 3442 me
2544 3391 2845 3464 coeptam
2881 3375 3121 3450 itidem
3156 3395 3349 3450 mor·

948 3490 1020 3545 te
1076 3490 1230 3540 mea
1280 3468 1629 3561 extingui,
1679 3467 2212 3564 supplicandum
2250 3469 2571 3544 duximus
2606 3469 2679 3542 &
2708 3467 2956 3562 Regiae
2988 3472 3343 3568 Majestati

951 3567 1029 3649 &
1071 3563 1238 3639 Sedi
1270 3562 1750 3658 Apostolicae,
1801 3581 1881 3637 ut
1912 3589 2061 3640 eam
2092 3585 2443 3640 remanere
2488 3560 2729 3636 finant.
2826 3563 3093 3663 Neque
3128 3571 3343 3643 ullius

945 3671 1020 3736 in
1061 3665 1204 3736 hoc
1257 3659 1556 3740 vertitur
1600 3660 2083 3754 praejudicium
2124 3685 2143 3735 ε
2195 3659 2357 3739 ci1m
2380 3656 2777 3754 Episcopus
2805 3663 3135 3738 lubenter
3170 3689 3344 3740 con·

945 3757 1256 3844 senserit,
1307 3779 1536 3850 neque
1587 3758 1673 3829 ad
1723 3757 2129 3852 Capitulum
2173 3759 2407 3850 aliquo
2442 3756 2653 3829 modo
2698 3779 2781 3830 ea
2810 3780 2922 3832 res
2954 3761 3347 3856 pertineam

946 3853 1366 3946 habebitque
1403 3851 1561 3925 Rex
1620 3853 2025 3948 dignitatem
2064 3856 2282 3948 magis
2316 3852 2836 3941 honorabilem,
2887 3857 2959 3928 in
3010 3879 3148 3952 qua
3187 3862 3345 3952 jure

939 3949 1194 4020 indulti
1225 3947 1326 4019 sui
1349 3950 1452 4019 uti
1498 3971 1729 4040 queat.
1783 3947 2263 4041 Quamobrem
2295 3944 2565 4043 quaeso,
2618 3969 2697 4021 ut
2746 3948 2843 4024 D.
2864 3951 2956 4028 V.
2976 3956 3155 4027 hanc
3188 3977 3343 4028 rem

945 4042 1296 4137 Majestati
1333 4041 1582 4136 Regiae
1614 4061 1971 4140 exponere
2004 4067 2147 4119 non
2182 4066 2557 4140 gravetur,
2608 4044 2899 4140 ej'usque
2936 4048 3347 4124 consensum

945 4137 1240 4237 desuper
1293 4157 1535 4236 petere
1559 4193 1581 4232 ,
1632 4143 1866 4217 literas
1914 4143 2513 4222 commendatitias
2548 4141 2656 4240 „ad
2702 4141 2955 4220 Sedem
2990 4147 3349 4246 Apostoli-

3186 4263 3345 4317 cam
