3700 4884
988 390 1155 531 ⁷558
1210 376 1695 487 V1GL11
1751 396 1885 471 An
1941 376 2466 477 AYTTA
2517 376 3282 478 zUICHEMI

974 585 1258 665 tandem
1286 602 1531 657 verum
1554 576 1687 656 effe
1723 576 2183 654 intelieximus
2201 628 2225 665 ,
2247 596 2387 651 tam
2425 600 2514 651 ex
2545 574 2841 675 ipsomet
2874 575 3123 670 D'uce,
3169 576 3388 675 quem

982 685 1178 783 quod
1211 680 1525 757 videmus
1586 677 1762 751 set-id
1823 678 2023 749 illum
2073 674 2162 745 ad
2216 676 2482 749 abitum
2541 698 2652 750 res
2701 674 2849 751 suas
2909 680 3391 772 componere,

985 781 1179 875 quod
1216 800 1350 872 ego
1382 794 1577 847 tanto
1606 775 1830 845 minus
1870 771 2152 844 credere
2183 766 2516 845 haetenus
2537 774 2739 869 potui
2760 828 2780 861 ,
2831 774 3026 867 quod
3056 795 3144 845 ex
3163 771 3260 844 D.
3291 772 3396 848 V.

986 877 1207 951 literis
1246 872 1421 947 nihil
1461 873 1601 945 tale
1653 867 2050 961 intelligere
2097 868 2328 961 potui.
2427 866 2848 966 Accepimus
2915 866 3000 943 δι.
3047 870 3392 955 alterum,

990 974 1115 1069 qui
1152 968 1568 1044 Mediolano
1608 963 1931 1060 praefuit,
1981 963 2122 1037 huc
2169 964 2298 1037 iter
2327 962 2585 1038 habere
2607 1016 2632 1055 ,
2681 962 2944 1037 tametfi
2979 967 3295 1062 populus
3326 968 3397 1039 ei

992 1090 1139 1142 non
1174 1084 1491 1161 magnam
1518 1060 1733 1134 fidem
1778 1059 2148 1145 adhibeat,
2197 1056 2364 1133 cimi
2393 1058 2664 1155 vargas
2707 1062 2985 1149 adhuc,
3031 1079 3113 1133 ut
3141 1080 3395 1148 antea..

993 1164 1329 1248 ferociat,
1382 1154 1461 1230 &
1500 1156 1723 1231 Ducis
1760 1155 1978 1227 nostri
2023 1154 2282 1228 Albani
2329 1158 2428 1229 ita
2461 1180 2566 1229 res
2625 1157 3002 1252 implicatae
3051 1152 3228 1241 fiat,
3275 1158 3400 1245 mi,

998 1259 1361 1357 quomodo
1402 1256 1562 1327 hinc
1590 1250 1660 1329 fe
1699 1251 2038 1346 explicet,
2091 1272 2234 1323 non
2265 1250 2470 1327 facile
2502 1253 2882 1327 videamus.
2976 1250 3172 1329 Nam
3205 1254 3398 1347 apud

1002 1352 1469 1431 Alckmariam
1522 1348 1622 1424 ita
1674 1346 2071 1421 infoeliciter
2121 1369 2230 1420 res
2287 1348 2476 1441 gesta
2519 1348 2616 1421 est
2635 1400 2658 1433 ,
2691 1368 2772 1420 ut
2809 1348 3193 1424 exercitum
3237 1349 3403 1422 inde

884 1458 899 1468 '
936 1486 944 1499 ·
999 1471 1332 1525 revocare
1364 1446 1615 1522 debeat
1632 1494 1669 1535 ,
1706 1466 1787 1517 ac
1827 1444 2092 1517 utinam
2127 1436 2492 1519 Han-lemio
2512 1493 2540 1530 ‚
2587 1442 3118 1519 Amsterodamo
3139 1496 3166 1530 ,
3215 1444 3403 1519 Tra-

995 1546 1187 1645 jesto
1238 1567 1328 1619 ue
1366 1545 1463 1618 ita
1490 1540 1664 1614 Dux
1680 1538 2090 1636 provideat,
2139 1558 2223 1613 ut
2252 1538 2324 1613 in
2348 1536 2485 1611 fide
2518 1562 2602 1615 ac
2621 1538 3022 1617 obedientia
3055 1542 3148 1615 ed
3179 1540 3402 1633 usque

1008 1570 1369 1741 perfifiere
1413 1636 1705 1736 poffmt,
1754 1634 1984 1709 donec
2015 1631 2140 1705 sub
2183 1646 2374 1709 novo
2413 1632 2906 1733 Gubematore
2939 1637 3074 1715 alia
3104 1634 3404 1715 confina

1011 1736 1463 1832 remediaque
1509 1732 1817 1808 adhibita
1844 1728 2126 1803 fuerint.

972 1890 985 1903 .
1110 1830 1559 1928 Burgundica
1585 1827 1879 1921 negocia
1908 1828 1978 1899 in
2022 1824 2272 1921 quibus
2308 1826 2429 1899 hic
2457 1826 2858 1923 aliquandiu
2887 1828 3417 1914 raboravimus‚

1014 1928 1393 2005 secundum
1441 1924 1683 1999 sortita
1730 1921 1886 1997 sunt
1935 1918 2262 1997 effecturn
2295 1947 2317 2005 3
2405 1944 2490 1995 ac
2535 1924 2974 1999 Excellentia
3026 1921 3148 1997 sua
3199 1926 3410 1999 citius

1014 2047 1225 2125 quam
1258 2022 1533 2120 sperare
1556 2016 1695 2093 aufi
1734 2038 2042 2101 eramus,
2089 2040 2171 2091 ea
2200 2018 2590 2112 expedivit,
2641 2042 2854 2118 prout
2889 2043 2975 2093 ex
3007 2021 3226 2189 cogi}
3257 2022 3411 2093 lite·

1020 2144 1251 2199 rarum
1286 2116 1586 2215 ejusdem
1620 2112 1715 2187 D.
1762 2112 1855 2187 V.
1904 2112 2286 2209 intelligere
2319 2115 2626 2207 poterit,
2673 2115 2762 2189 de
2797 2114 3052 2210 quibus
3217 2115 3385 2211 jesta

937 2263 949 2275 ι
1017 2242 1161 2297 tem
1210 2236 1492 2313 quoque
1523 2208 1712 2283 suam
1760 2208 1919 2308 (uti
1953 2206 2233 2304 scribit)
2284 2212 2648 2284 certiorem
2689 2209 3034 2285 fasturum
3085 2235 3240 2285 eam
3273 2214 3414 2287 exi-

1018 2311 1265 2389 stimo:
1316 2308 2021 2400 Dominationetnque
2088 2302 2174 2379 V.
2221 2327 2437 2400 rog0,
2487 2329 2568 2380 ut
2612 2306 2805 2402 spem
2841 2330 3051 2403 quam
3101 2306 3190 2379 de
3251 2306 3416 2379 sala·

1020 2414 1284 2485 riorum
1320 2422 1689 2502 augmento
1717 2398 2004 2477 Praefidi
2039 2422 2122 2474 ac
2149 2398 2436 2475 Senatui
2473 2401 2676 2489 fecit,
2727 2400 2884 2477 Rex
2921 2403 3224 2498 benigne
3253 2400 3418 2498 ipfii

1024 2504 1412 2581 confirmet.
1508 2499 1703 2573 Bene
1733 2500 1936 2585 vale,
1983 2494 2135 2569 CL.
2191 2495 2289 2569 D.
2341 2495 2830 2585 Haerent,
2877 2500 2950 2574 ὅτ,
2999 2498 3290 2594 conjugi
3333 2498 3413 2569 li-

1024 2598 1341 2695 berisque
1375 2598 1661 2671 multam
1716 2616 1757 2668 a
1784 2617 1933 2675 me,
1987 2590 2266 2689 quaesm
2311 2590 2600 2671 talutem
2629 2597 2842 2671 dicas.
2889 2594 3258 2673 Bruxenae.
3299 2612 3420 2669 111.

1036 2694 1397 2771 Ostobris.
1442 2712 1564 2769 cm
1609 2714 1679 2765 ιο
1727 2708 1980 2765 Lxxm.

1376 2908 2387 3009 EPISTOLA
2543 2912 3044 3006 CCXI.

1051 3138 1345 3230 Ttmet‘
1369 3139 1676 3257 aliquot
1713 3138 2040 3228 urbibus
2093 3140 2561 3231 Hollandiae
2584 3142 2750 3258 post
2787 3140 3179 3251 infelicem
3215 3141 3442 3255 apud

1161 3252 1673 3343 Alcmariam
1746 3276 2112 3343 conatum
2137 3316 2160 3354 ‚
2242 3253 2356 3347 ἔθ’
2414 3258 2632 3370 quod
2693 3262 2953 3343 omnia
3011 3255 3423 3373 neccjfflzria

1162 3366 1399 3452 militi
1454 3366 1719 3473 defint.
1835 3366 2226 3482 Succcffor
2263 3366 2567 3455 Albam·
2642 3396 2791 3453 non
2817 3375 3167 3485 poterit,
3225 3366 3434 3485 quod

1162 3476 1379 3566 volet
1402 3512 1430 3563 .-
1544 3487 1629 3564 ui
1668 3477 1771 3579 est
1789 3476 2316 3584 fructus-tam
2359 3483 2512 3567 diu·
2545 3481 2778 3568 dilati
2826 3484 3172 3567 remedii.
3291 3480 3429 3566 De

1156 3504 1662 3706 praetenflqone
1728 3588 2077 3703 Jaannis
2145 3590 2490 3682 Richebe‘
2511 3655 2537 3691 ‚
2613 3622 2853 3709 quem
2921 3596 3442 3680 commendat.

1162 3702 1491 3799 Literas
1538 3724 1698 3818 per
1747 3700 2289 3795 Her-nandum
2343 3710 2441 3793 de
2502 3704 2775 3797 Toleto
2851 3715 3170 3823 accepit.

1182 3939 1308 4013 .L.
1358 3940 1454 4016 D.
1510 3940 1886 4019 Hermae·
1953 3940 2436 4021 Alcmariensis
2485 3944 2753 4023 obfidio
2805 3972 2966 4034 eum
3017 3944 3272 4020 habuit
3303 3944 3450 4019 exi--

1272 4056 1457 4123 tum,
1506 4063 1715 4135 quem
1755 4063 1868 4114 me
1903 4044 2131 4115 vereri
2185 4042 2651 4143 superioribus
2699 4046 2917 4119 literis
2967 4044 3315 4137 indicavi,
3361 4062 3445 4113 ac

1048 4128 1231 4205 faxit
1268 4130 1343 4205 D
1364 4154 1467 4207 eu
1486 4158 1521 4209 s
1571 4134 2129 4247 ne·Harlemium
2182 4138 2412 4215 rursus
2446 4143 2833 4215 amittamus
2851 4194 2876 4227 ,
2926 4148 3144 4237 atqu‘e
3185 4133 3440 4211 Amste-

1048 4226 1454 4321 rodamum,
1503 4227 2045 4331 Traieetumque
2061 4284 2086 4326 ,
2131 4256 2296 4312 cum
2329 4236 2580 4317 vicinis
2611 4237 2902 4316 urbibus
2933 4243 3010 4317 in
3039 4240 3228 4317 idem
3259 4233 3449 4409 {legg

1208 4364 1217 4381 ¹
1943 4398 1950 4405 .
2180 4398 2190 4403 .
3217 4356 3259 4409 c
