3700 4884
997 379 1160 500 576
1215 369 1708 482 VIGLII
1761 383 1896 466 AB
1950 365 2477 464 AYTT'A
2528 363 3289 486 ZUICHE'M'I

989 575 1147 663 lum,
1171 573 1322 670 ejus
1357 567 1644 646 subinde
1683 562 2036 659 affligunt,
2088 561 2461 638 arbitrarer
2496 561 2769 636 leviora
2810 558 2969 636 fore
3032 561 3111 636 in
3138 555 3437 661 Hispa‘-

989 671 1110 744 nia
1141 687 1433 764 propter
1471 675 1706 739 aeirem
1743 659 2096 758 ejusmodi
2126 660 2549 754 corporibus
2584 658 3237 734 convenientiorem
3260 713 3283 748 ,
3320 660 3436 734 &-

993 761 1140 861 ipse
1167 785 1450 860 quoque
1493 757 1926 854 Hispaniam·
1956 755 2161 830 facile
2198 755 2449 828 nostrae
2492 754 2907 831 Provinciae*
2934 753 3102 831 efflet
3150 757 3405 853 praela·

999 882 1196 936 turus
1215 912 1238 946 ‚
1289 857 1540 932 videns
1571 857 1645 928 in
1663 853 1913 926 nostrae
1934 849 2140 948 Reip.
2192 851 2785 929 administratione
2814 855 3195 950 pleraque,
3248 875 3411 948 qnae

991 958 1074 1040 ‚ei
1107 953 1491 1051 displicent.
1546 949 2029 1044 Quamobrem
2074 950 2155 1021 ei.
2190 947 2531 1043 Regiaeve
2588 945 2933 1042 Majestati
2978 951 3219 1023 auctor
3278 947 3417 1024 ess'e

1001 1075 1145 1126 non
1185 1047 1458 1147 poss‘um
1488 1096 1513 1135 ,
1563 1068 1642 1120 ut
1680 1043 1993 1118 officium
2020 1096 2043 1129 ,
2092 1046 2167 1120 in
2210 1068 2357 1140 quo
2404 1041 2737 1118 haetenus
2820 1044 2891 1118 se
2914 1051 2921 1057 ’
2948 1047 3217 1138 optime
3270 1043 3447 1141 ges--

1000 1147 1087 1223 fit
1112 1199 1138 1234 ‚
1213 1148 1539 1219 dimittat-.-
1653 1141 2275 1214 V-aletudinarium.
2334 1143 2519 1216 enim
2578 1160 2737 1212 eum
2792 1142 3044 1216 rectius
3094 1140 3222 1216 suo
3260 1165 3416 1214 mu·

1001 1265 1168 1318 nere
1213 1239 1616 1316 funfiturum
1674 1238 1973 1311 arbitror
2028 1290 2049 1323 ‚
2118 1235 2327 1331 quam
2403 1236 2773 1328 novitium*
2814 1237 3119 1331 aliquem
3185 1239 3417 1312 homi-

997 1361 1159 1415 nem
1193 1389 1218 1425 ,
1283 1338 1406 1452 qui
1471 1357 1806 1410 annorum
1886 1335 2157 1428 aliquot
2246 1333 2676 1428 experientia
2724 1334 2849 1408 vix
2899 1333 3091 1408 idem
3123 1383 3149 1420 ,
3218 1339 3415 1430 quod

1003 1435 1126 1510 ille
1173 1455 1436 1516 novit‚.
1467 1431 1949 1528 consequetur.
2016 1428 2240 1502 Miror
2276 1451 2507 1503 tamen
2551 1451 2713 1500 cum
2744 1427 3213 1504 Denneterius
3288 1454 3417 1504 uo-

1056 1553 1146 1604 ue
1183 1527 1292 1605 Re
1343 1532 1446 1602 ius
1488 1527 1574 1602 lit
1609 1527 2088 1613 Secretarius,
2140 1547 2269 1598 cur
2314 1528 2441 1598 illo
2485 1523 2765 1598 absente
2800 1523 2929 1619 ipfi
2974 1527 3213 1600 literas
3286 1529 3413 1602 ub·

1039 1625 1274 1702 criben
1330 1624 1689 1698 ifacultas
1735 1621 2073 1696 hafitenus
2126 1619 2440 1694 cont-,effa
2490 1641 2630 1692 non
2684 1619 2933 1707 fuerit,
2994 1621 3419 1698 reservando

1011 1744 1244 1798 tamen
1279 1725 1746 1796 emolumenta
1775 1719 2053 1804 omnia,
2100 1741 2261 1812 quae
2292 1719 2639 1791 ordinarie
2674 1717 3153 1792 illi-debentur
3184 1769 3207 1804 ,
3252 1719 3438 1794 cnm.-

1009 1839 1332 1915 oempore
1399 1813 1692 1891 Caesaris
1722 1869 1744 1901 ,
1811 1815 2037 1888 Bavio
2109 1812 2424 1899 absente,
2479 1810 3065 1908 Obernburgerus
3084 1871 3107 1906 ‚
3168 1839 3253 1890 ac
3300 1819 3421 1890 alii

1013 1911 1251 1987 Cutiae
1283 1911 1660 1989 Secretarii
1697 1911 1844 2006 ejus
1875 1932 2115 2006 partes
2151 1963 2171 1997 ‚
2238 1907 2381 1982 fine
2430 1908 2894 1982 dimunitione
2944 1931 3173 1984 tamen
3224 1936 3423 1987 emo-

1011 2011 1522 2097 iumentorum,
1571 2005 1901 2104 supplere
1922 2059 1947 2091 ‚
1992 2003 2362 2101 literasqne
2414 2027 2651 2078 omnes
2689 2004 3083 2102 subsignare
3114 2007 3417 2092 soleant,

1011 2130 1145 2180 nec
1177 2109 1402 2180 ullam·
1439 2106 1873 2178 meminerim
1924 2104 2296 2196 epistolam
2348 2102 2413 2174 ὲ-
2440 2101 2657 2176 Curia
2711 2125 2880 2174 tum.
2916 2103 3253 2191 manasse,
3302 2105 3421 2180 cni

1015 2203 1442 2279 Secretarius
1471 2223 1616 2276 non
1649 2195 2159 2295 subscripfiss'et.

1115 2297 1194 2370 In
1237 2319 1555 2375 veterum
1601 2319 1883 2392 quoque
1924 2297 2327 2389 Principum
2364 2291 2763 2388 diplomatis
2816 2293 3001 2391 saepe
3028 2293 3165 2392 legi
3218 2318 3420 2372 nota-

1016 2415 1163 2468 tum
1225 2395 1653 2469 unum-vice
1707 2393 1985 2466 alterius
2042 2391 2449 2486 principalis
2514 2390 2832 2468 officiarii
2856 2445 2876 2480 ,
2942 2393 3031 2468 de
3084 2395 3420 2470 mandato

1019 2491 1371 2586 Principis
1409 2485 1911 2581 subscripsisse:
1960 2488 2153 2582 quod
2208 2507 2437 2562 tamen
2480 2511 2617 2582 ego
2670 2492 2770 2562 illi
2831 2509 3235 2586 proponere
3268 2515 3421 2566 non

1025 2586 1292 2670 aude0,
1341 2583 1505 2658 cum
1539 2574 1630 2657 ad
1653 2605 1764 2656 me
1795 2605 1938 2655 non
1974 2585 2357 2678 pertineat,
2406 2581 2533 2658 sed
2564 2585 2661 2658 D.
2718 2583 2806 2656 V.
2856 2583 2907 2656 ss
2940 2586 3060 2662 ita·
3100 2587 3422 2678 videtur,

1020 2681 1170 2776 ejus
1208 2681 1526 2754 animum·
1549 2699 1811 2754 tentare
1845 2679 2219 2773 aliquando
2252 2681 2537 2774 poterit.
2589 2680 3097 2756 Denneterium
3146 2707 3425 2775 autem,

1025 2801 1114 2849 ne
1147 2777 1266 2850 hic
1299 2773 1780 2872 expecfi'tatione
1812 2771 1933 2848 sua
1964 2772 2331 2848 frustretur
2359 2826 2379 2861 ,
2430 2777 2515 2850 ab
2550 2775 2749 2873 Rege
2810 2777 2924 2850 ad.
2948 2777 3229 2852 Ducem
3270 2784 3431 2856 lite·

1026 2894 1138 2946 ras
1176 2872 1494 2946 obtinere
1531 2869 1890 2953 suaserim,
1940 2891 2021 2944 ut
2066 2873 2132 2944 ei
2160 2871 2273 2965 jus
2327 2870 2521 2944 suum
2580 2873 2998 2960 conservet,
3047 2874 3213 2949 cum
3274 2881 3428 2974 ejus

1027 2967 1621 3064 contemplatione
1674 2987 1927 3041 tecum·
1958 2967 2183 3040 isthuc
2226 2965 2643 3062 profestum.
2666 2969 2799 3042 ess’e
2860 2963 3051 3046 scias.
3150 2970 3431 3049 Vereor

1029 3067 1252 3151 enim,
1303 3086 1381 3138 ut
1415 3062 1630 3139 variae
1675 3066 2032 3136 hominum
2077 3067 2499 3138 voluntates·
2526 3064 2720 3154 sunt,
2768 3067 3117 3162 studiaque
3150 3115 3175 3151 ,
3224 3091 3323 3142 ne
3376 3069 3435 3144 fi

1027 3159 1213 3243 forte
1261 3183 1388 3258 per
1417 3155 1670 3233 cess’um
1701 3180 1822 3233 aut
1868 3157 2223 3234 discessum
2250 3211 2275 3246 ,
2322 3159 2779 3236 secretarium
2836 3183 3257 3258 quemquam
3304 3167 3433 3242 hic

1031 3255 1265 3330 officio
1297 3253 1588 3349 defungi
1621 3257 2102 3350 contingeret,
2126 3279 2215 3328 ne
2245 3258 2417 3328 alius
2447 3260 3025 3354 importunitate,
3072 3283 3429 3337 commen-

1030 3351 1402 3426 dationeve
1437 3351 1742 3445 alicuius·
1765 3351 2323 3426 benedistionem
2358 3356 2771 3452 intercipiat.
2882 3423 2898 3442 ,

1131 3445 1448 3540 Jacobus
1481 3445 2079 3543 Torrius‚„quod
2124 3451 2305 3524 citra
2346 3449 3014 3540 Curiaedecretum,
3063 3475 3199 3547 per
3228 3455 3427 3528 inad-

1031 3544 1480 3627 vertentiam,
1533 3545 1658 3616 uti2
1686 3543 1998 3629 videtur,
2047 3547 2543 3643 imprimendae.
2562 3547 2785 3625 Bunae
2850 3551 3099 3622 Coenae
3138 3549 3434 3624 Domini

1083 3640 1449 3720 ‚otestatem
1501 3635 1760 3716 feciffet
1781 3691 1816 3726 .‚
1878 3641 2119 3714 multis
2168 3640 2509 3717 menfibus
2557 3641 2627 3718 se
2683 3645 2877 3721 domi
2930 3647 3288 3720 continere
3332 3648 3429 3721 ab

1031 3665 1242 3814 Duce
1270 3733 1486 3833 juffus
1523 3733 1696 3819 fuit,
1745 3757 1828 3809 ac
1851 3735 2102 3810 deinde
2132 3737 2219 3811 ad
2246 3761 2502 3812 annum
2520 3737 2757 3814 officio
2792 3735 3149 3834 suspensus
3172 3769 3196 3826 3
3218 3766 3433 3838 quem

1033 3853 1266 3907 tamen
1324 3855 1492 3928 erga
1543 3855 1703 3907 eum
1752 3830 2262 3928 benigniorem,
2288 3834 2467 3914 fo‘re,
2504 3833 2967 3934 sperabamus:
2991 3835 3123 3922 in.
3151 3840 3438 3934 nepotis

1039 3925 1336 4002 Domini
1367 3927 1722 4008 Ludovici
1750 3928 1790 4000 ὲ
1837 3927 2004 4026 Ryo
2024 3975 2033 3986 -
2044 3931 2362 4026 gratiam.

1139 4021 1574 4098 coloniensis
1645 4025 2083 4100 Univorfitas
2103 4077 2145 4112 ,.
2174 4028 2559 4125 civitasque
2578 4071 2585 4080 ·
2604 4030 2695 4105 ad
2710 4030 3015 4108 -Ducem
3060 4029 3441 4128 ssiperiori-

1038 4118 1174 4194 bus
1211 4117 1558 4193 menfibus
1587 4123 1855 4216 legatos
1896 4122 2171 4198 miserat
2194 4175 2219 4208 ‚
2266 4127 2395 4221 qui
2428 4123 2640 4200 ediffl
2696 4125 3045 4224 rigorem,
3081 4147 3441 4222 quantum

1034 4217 1148 4298 ad.
1159 4210 1349 4296 suam
1363 4211 1826 4304 Academiam
1864 4215 2169 4316 pertinet
2185 4267 2211 4310 ,
2228 4291 2239 4304 .
2254 4225 2796 4322 deprecarentur
2812 4249 2838 4318 3
2856 4295 2865 4310 .
2882 4223 3073 4306 etim.
3100 4223 3185 4302 δι
3214 4243 3453 4400 magiter-a
