3700 4884
891 358 1060 457 388
1115 290 1600 444 viem
1657 369 1796 435 AB
1853 342 2373 443 AYTTA
2432 330 3212 438 zmcHEMr.

895 534 1015 611 sed
1047 538 1198 611 noli
1239 535 1476 631 quaeso
1507 538 1804 634 amplius
1837 536 2133 610 scribere
2166 536 2364 633 quod
2386 538 2623 609 veniet
2645 588 2663 621 ,
2713 535 2830 609 sed
2856 539 3045 631 quod
3066 542 3284 623 venit}

898 633 1126 707 Porro
1177 636 1533 716 nonnulli,
1579 632 2137 726 etfi.Majestatis
2196 634 2333 707 suae
2383 638 2757 707 adventum
2802 654 3053 726 optare
3080 632 3151 707 se
3182 637 3291 713 di·

897 752 1102 814 cant,
1153 748 1381 803 tamen
1433 732 1655 802 exteri
1683 731 1919 802 militis
1954 732 2233 825 injurias
2274 752 2637 817 metuunt,
2686 752 2767 801 ac
2804 734 3063 801 utinam
3102 728 3287 825 sape·

901 845 1099 908 rent,
1128 824 1674 922 tempestiveque
1717 827 1941 921 Regis
1951 824 2198 923 justam
2214 826 2759 921 indignationem
2784 876 2807 910 ,
2834 829 3059 919 culpae
3096 829 3294 922 agni-

899 921 1092 993 tione
1149 920 1626 1017 obsequioque
1675 943 2212 998 anteverterent.
2264 922 2485 1012 Quod
2533 920 2656 996 etsi
2688 921 3093 1015 quibusdam
3132 946 3295 1017 per·

897 1012 1183 1089 suadere
1235 1038 1613 1103 conamur,
1661 1014 1821 1092 sunt
1882 1038 2151 1105 tamen,
2216 1022 2339 1115 qui
2394 1022 2831 1093 occidionem
2852 1068 2873 1100 ,
2922 1020 3295 1113 omniaque
3384 1054 3397 1069 ·

903 1114 1119 1197 mala,
1172 1132 1313 1185 tam
1348 1106 1843 1189 Ecclefiasticis
1878 1116 2261 1211 Regiisque
2298 1114 2621 1189 ministris
2659 1166 2681 1201 ,
2732 1114 2939 1206 quam
2969 1114 3292 1187 omnibus

901 1206 1294 1280 Catholicis
1347 1210 1726 1293 minantur,
1775 1212 1898 1283 ubi
1939 1214 2238 1309 primum
2276 1212 2550 1307 Regem
2588 1211 3094 1284 'intellexerint
3132 1234 3291 1283 cum

900 1304 1123 1376 milite
1152 1302 1506 1380 advenire.
1606 1306 1749 1381 Sed
1781 1306 2189 1403 jamdudum
2226 1308 2334 1380 his
2360 1310 2557 1381 minis
2586 1308 3061 1403 periculisque
3080 1306 3295 1381 ass’ue·

905 1401 1005 1487 ti,
1055 1420 1203 1471 non
1263 1398 1633 1477 definimus
1689 1400 1964 1498 sperare
2016 1397 2283 1478 Dum
2314 1404 2702 1501 propitium
2736 1406 2988 1475 horum
3020 1406 3296 1476 tandem

905 1504 1252 1569 terrorum
1313 1496 1517 1573 finem
1579 1496 1942 1574 fafiturum.
2038 1500 2101 1572 A
2106 1518 2347 1595 ggaeus
2378 1523 2506 1575 ceu
2542 1502 2717 1573 alter
2755 1498 3113 1595 Propheta
3144 1499 3299 1573 haec

907 1592 1088 1665 mala
1131 1592 1332 1668 nobis
1361 1593 1751 1690 praedixiss'e
1793 1598 2097 1671 inculcat
2118 1643 2140 1682 ‚
2190 1594 2306 1669 sed
2338 1617 2630 1673 eventus
2660 1618 2890 1669 rerum
2972 1594 3293 1680 robabit,

907 1686 1124 1760 nosne
1151 1690 1384 1763 anille
1417 1692 1600 1765 reste
1633 1688 1935 1767 senserit.
2037 1690 2203 1789 Ego
2236 1688 2561 1789 profesto
2598 1711 2761 1765 cnm
2779 1710 2890 1765 tot
2983 1692 3249 1765 acribus
3274 1746 3300 1783 ,

909 1801 1204 1879 totaque
1265 1784 1578 1861 Ecclesia
1627 1786 1997 1864 Catholica
2021 1843 2044 1878 ,
2093 1811 2321 1863 errare
2370 1790 2445 1864 &
2480 1786 2661 1862 mori
2706 1786 2933 1873 malo,
2980 1782 3189 1885 quani
3220 1790 3301 1862 il·

911 1878 1052 1953 lius
1085 1880 1356 1977 judicio
1391 1880 1578 1957 reete
1609 1882 1875 1978 sapere.
2066 1906 2073 1915 ·

1011 1974 1270 2051 Comes
1306 1978 1869 2075 Arembergenfis
1902 1982 2201 2055 calorem
2223 2030 2243 2061 ,
2296 2002 2507 2077 quem
2538 1980 2745 2055 initio
2776 1976 3097 2055 adversus
3116 1976 3297 2054 Leo·

912 2072 1307 2146 vardienses
1357 2072 1625 2149 nostros
1679 2097 2129 2171 conceperat,
2198 2080 2552 2171 paululum
2608 2074 2927 2149 remisisse
2970 2072 3297 2165 videtur,

912 2163 1386 2265 Lingiumque
1436 2172 1755 2246 concessit
1777 2225 1799 2261 ,
1870 2172 2281 2247 consultove
2329 2196 2415 2247 an
2472 2172 2709 2253 secus,
2760 2170 3003 2267 postea
3030 2174 3305 2271 videbi-3

913 2288 1114 2350 mus,
1163 2288 1321 2339 cum
1369 2288 1612 2342 verear
1645 2268 1924 2343 illorum
1966 2270 2365 2363 exemplum
2398 2288 2689 2343 caeteros
2726 2248 3307 2355 nostro‘3conter72

917 2382 1169 2437 raneos
1218 2361 1612 2451 secuturos,
1661 2386 1743 2437 ut
1797 2388 1961 2439 curn
2000 2365 2883 2440 remediumadhibendum
2914 2363 3167 2453 fuerit,
3217 2386 3305 2441 ex

923 2478 1121 2539 mora
1157 2454 1292 2531 hac
1332 2460 1588 2531 vulnus
1627 2461 1833 2534 latius
1870 2458 2172 2557 serpfiss'e
2208 2462 2741 2557 comperiamus.
2792 2530 2803 2539 .
3294 2550 3307 2565 .

1018 2552 1138 2626 De
1198 2576 1319 2627 tua
1383 2555 1680 2649 conjuge
1745 2554 2142 2651 familiaque
2186 2558 2365 2630 nihil
2417 2554 2539 2630 nifi
2588 2556 3005 2655 prosperum
3050 2554 3305 2632 habeo.

921 2646 1089 2743 Ego
1139 2668 1311 2723 vero
1355 2652 1561 2723 valeo
1595 2666 1676 2723 ut
1709 2650 1919 2726 soleo.
2032 2650 2379 2728 Veronius
2418 2656 2647 2729 adhuc
2678 2654 3068 2739 decumbit,
3114 2676 3307 2729 vete·-

923 2766 1210 2839 remque
1262 2740 1692 2820 sodalitatem
1739 2748 2097 2835 desidero,
2216 2770 2321 2821 uae
2358 2751 2629 2849 hyemis
2663 2754 2952 2826 toedium
2980 2744 3313 2921 publicoss

924 2862 1222 2937 rumque
1269 2844 1710 2937 negotiorum
1765 2842 2113 2919 molestias
2164 2774 2512 2921 {navitate
2564 2848 2927 2922 conviaus
3030 2848 3307 2943 epellat.

925 2934 1112 3049 yale
1141 2988 1166 3025 ‚
1235 2935 1332 3011 mi
1388 2936 1856 3018 Horren.
1888 2993 1913 3033 ,
1980 2940 2350 3017 Bruxellae.
2394 2960 2568 3020 mv.
2637 2940 2992 3023 Novemb.
3064 2964 3183 3017 cro
3230 2963 3303 3016 ιο

925 3050 1116 3109 ικνῐ.
1689 3080 1700 3087 -

2817 4226 3334 4379 ''am-
