3700 4884
905 358 1096 474 416
1149 332 1627 453 victu
1681 376 1817 451 An
1874 338 2380 447 AYTTA
2432 324 3241 482 z-mcHzM—r-

919 544 1192 623 Verum
1225 550 1313 624 de
1350 547 1457 621 his
1495 570 1772 645 nequeo
1807 548 1896 621 ad
1926 566 2001 620 te
2098 542 2487 621 articularia
2514 542 2849 630 scribere,
2901 548 3098 642 quod
3145 548 3324 624 nihil

919 645 1166 717 harum
1203 643 1556 719 causarum
1585 640 1824 717 nostro
1868 642 1981 715 Co
2060 643 2183 713 ilio
2213 647 2763 717 communicetur
2780 694 2807 729 ‚
2854 641 2896 714 a
2934 666 3081 738 qua
3106 640 3181 715 δι
3202 649 3325 720 me

919 738 1109 814 sacer
1151 738 1362 815 Ordo
1407 738 1540 832 (ut
1609 737 1784 835 scis)
1829 740 2081 813 merito
2120 741 2453 813 excludit.
2500 738 3327 835 Interea'nonnumquam

905 836 1132 907 ›audio
1165 836 1256 911 de
1307 838 1624 909 nullitate
1656 886 1682 923 ,
1742 837 2432 930 incompetentiaque
2490 835 2813 931 Judicum
2834 886 2853 918 ‚
2902 857 2985 907 ac
3036 839 3327 929 privile-

919 932 1196 1029 giorum
1228 934 1806 1007 contraventione
1826 982 1848 1017 ,
1892 933 2201 1027 jurisque
2250 932 2500 1005 ordine
2544 954 2687 1026 non
2724 929 3087 1005 observato
3104 982 3125 1015 ,
3175 937 3325 1027 ple-

916 1047 1172 1123 rosque
1206 1028 1604 1125 protestari:
1655 1026 1770 1101 sed
1805 1050 1939 1099 nov
1952 1050 2069 1101 um
2100 1048 2242 1098 non
2278 1025 2428 1114 est,
2477 1051 2639 1116 eos,
2674 1030 2797 1122 qui
2827 1028 2915 1099 de
2944 1029 3327 1126 principali

905 1124 1122 1199 ‘causa
1167 1125 1492 1200 diffidunt
1516 1172 1542 1210 ,
1589 1123 1995 1220 hujusmodi
2024 1124 2475 1219 exceptiones
2518 1121 3087 1220 subterfugiaque
3132 1148 3323 1221 quae-

917 1244 1096 1295 rere.
2228 1294 2233 1297 .

1015 1316 1190 1391 Dux
1233 1316 1520 1411 quoque
1563 1314 1965 1391 Tridentini
2012 1312 2321 1389 Concilii
2364 1316 2852 1391 executionem
2900 1313 3175 1390 fortiter
3214 1324 3326 1390 ur'·

917 1435 1084 1511 get,
1117 1412 1196 1487 ἀ
1231 1414 1564 1509 imprimis
1599 1410 1983 1486 Ecclesiam
2017 1412 2319 1486 nostram
2345 1410 2857 1508 Trajeetensem
2886 1414 2977 1485 ad
3010 1435 3322 1511 normam

914 1508 1434 1585 reformationis
1497 1510 1680 1583 illius
1737 1509 2205 1583 reducendam
2254 1508 2511 1582 censet.
2630 1506 2777 1582 Sed
2827 1506 3199 1582 meminisse
3254 1530 3327 1585 te

919 1628 1100 1701 puto
1186 1627 1296 1677 uae
1328 1606 1542 1701 paulo
1572 1626 1732 1679 ante
1763 1626 1969 1677 tuum
2014 1600 2367 1679 discess'um
2398 1600 2593 1700 (42)
2626 1603 3116 1699 Capitulorum
3146 1604 3328 1678 Tra-

904 1699 1138 1797 §caen
1165 1726 1316 1776 ium
1351 1701 1598 1796 Legati
1629 1703 1720 1774 de
1732 1698 2133 1795 interpofita
2158 1702 2633 1797 appellatione
2659 1698 2905 1774 Curiae
2936 1699 3191 1773 nostrae
3210 1722 3328 1773 ex-

913 1796 1274 1893 posuerint
1297 1851 1318 1885 ,
1367 1812 1762 1895 quanquam
1787 1818 1947 1869 *non
2000 1798 2261 1871 constet
2302 1798 2392 1869 de
2456 1794 2761 1892 ipsorum
2812 1798 3204 1891 diligentia,
3252 1798 3331 1869 in

923 1896 1110 1973 dicta
1165 1897 1630 1994 appellatione
1687 1892 2169 1991 prosequenda
2188 1944 2213 1981 ,
2263 1889 2404 1966 five
2452 1894 2643 1991 apu'd
2683 1890 3137 1981 Pontificem,
3184 1890 3329 1970 five

921 1990 1192 2087 Regem
1234 1990 1546 2067 nostrum
1601 1986 1805 2066 facea.
2784 2049 2791 2062 .
2904 2019 2939 2066 .·
3296 2076 3307 2089 ‚

1021 2088 1414 2185 Gregorius
1449 2108 1606 2161 tuus
1641 2090 1794 2163 iux.
1835 2088 2044 2184 hujus
2080 2082 2322 2162 meniis
2356 2086 2469 2159 die
2496 2082 2965 2179 poffeffionem
2996 2085 3329 2160 Praeben-

920 2187 1038 2265 ‚dae
1093 2178 1576 2262 Gandavenfis
1620 2234 1642 2270 ,
1703 2206 2131 2280 procurante
2180 2181 2285 2261 D.
2338 2178 2672 2257 Cornelio
2730 2180 3063 2257 Fullonio
3096 2236 3117 2269 ,
3166 2180 3331 2255 affe-

823 2286 834 2297 ’
913 2306 1187 2381 quotus
1213 2282 1313 2356 est
1333 2336 1354 2370 ,
1405 2303 1800 2377 quanquam
1841 2305 1987 2354 non
2026 2278 2417 2361 defuerint,
2466 2279 2592 2374 qui
2618 2276 2929 2358 Concilii
2970 2280 3329 2375 decretum

919 2384 1018 2455 de
1065 2398 1271 2452 aetate
1303 2384 1446 2475 ejus
1495 2376 1901 2473 objecerint.
1999 2373 2268 2451 Verum
2322 2375 2486 2460 alii,
2534 2377 2709 2467 regii
2760 2372 3173 2451 patronatus
3210 2398 3328 2451 eas

927 2474 1062 2550 ess'e
1102 2474 1515 2547 Praebendas
1536 2522 1557 2558 ,
1609 2494 1740 2545 nec
1769 2473 2239 2559 omnimodam
2282 2468 3177 2547 Conciliiobservat'iohem
3208 2494 3331 2567 ge·

926 2572 1260 2643 nei-aliter
1300 2570 1721 2666 publicatam
1769 2564 2004 2651 fuiss'e,
2056 2590 2281 2660 neque
2312 2562 2744 2641 de'Praesule
2783 2568 3037 2645 nostrae
3080 2568 3331 2641 Eccle-

931 2668 1046 2745 fiae
1095 2668 1328 2739 adhuc
1359 2662 1714 2761 provisum
1757 2660 1889 2739 ess‘e
1919 2664 2417 2737 contendentes
2468 2662 2541 2735 &
2590 2684 2785 2737 tuum
2828 2660 3143 2741 favorem
3179 2688 3326 2741 non

927 2762 1428 2843 admittendum
1469 2758 1863 2845 censenteS,
1912 2762 2111 2835 illum
2174 2760 2447 2835 admitti
2472 2758 2947 2835 obtinuerunt.
3210 2784 3217 2791 ·

927 2934 934 2939 ,
998 2854 1254 2955 ‘Quod
1293 2861 1378 2933 ad
1413 2874 1704 2933 uxorem
1743 2858 1819 2931 &
1856 2853 2187 2927 familiam
2236 2856 2543 2950 pertinet
2574 2906 2597 2943 ,
2661 2856 2841 2929 nihil
2888 2859 3078 2933 aliud
3130 2858 3219 2933 ad
3256 2854 3329 2933 te'

929 2953 1223 3035 scribam
1275 2952 1475 3052 (cum
1513 2951 1870 3047 ipsammet
1899 2950 2131 3025 officio
2158 2948 2281 3023 suo
2314 2950 2515 3047 fungi
2543 2974 2683 3025 non
2714 2950 3071 3047 dubitem)
3112 2946 3329 3049 quam'

930 3054 1126 3147 quod
1182 3051 1416 3123 omnia
1460 3046 1646 3122 reete
1687 3048 1756 3123 se
1813 3049 2093 3121 habent.
2194 3044 2379 3129 His,
2420 3069 2516 3120 mi
2562 3046 3029 3125 Horreum
3058 3099 3081 3133 ,
3146 3052 3328 3127 bene

923 3153 1126 3233 vale,
1174 3148 1247 3221 δι
1297 3144 1608 3239 Viglium
1657 3168 1857 3221 tuum
1892 3146 2057 3217 huic
2114 3140 2405 3239 pistrino
2456 3143 2707 3247 (quod
2756 3146 2963 3220 toties
3012 3168 3327 3221 amanter·

844 3335 852 3344 Α
929 3246 1179 3337 rogavi
1287 3241 1566 3351 tandem
1623 3245 1919 3317 eximere
1955 3294 1977 3330 ,
2031 3236 2261 3335 quaeso
2280 3291 2303 3328 ,
2357 3264 2446 3316 ne
2508 3243 2842 3340 graveris,
2942 3242 3327 3319 Bmxella·

931 3362 1138 3417 xxtx.
1281 3356 1456 3411 artu.
1509 3352 1624 3411 clo
1677 3358 1749 3411 10
1801 3356 2029 3414 vau.
2466 3350 2475 3361 ·
3076 3372 3332 3515 Epi·

923 3600 978 3651 ·‚,
1005 3568 1152 3655 jaer
1189 3568 1374 3648 1567.
1395 3580 1486 3645 op
1509 3558 1646 3626 den
1667 3555 1987 3623 tweeden
2016 3557 2191 3642 dagh
2214 3571 2349 3623 van
2377 3556 2605 3625 Meert
2633 3558 2917 3627 werden
2950 3571 3023 3627 te
3038 3560 3335 3631 Mechea

923 3681 974 3730 ·„
1008 3656 1123 3719 len
1169 3648 1402 3734 beyde
1449 3645 1540 3712 de
1589 3640 2109 3707 Penfionariffen
2166 3658 2527 3725 gevangen
2562 3688 2587 3721 ,
2630 3641 2805 3708 ende
2845 3644 3135 3711 werden
3179 3659 3329 3713 ter.-

923 3777 974 3814 „
1008 3738 1221 3803 ston'ts
1257 3750 1424 3799 naer
1469 3722 1726 3795 Bruss'el
1771 3740 2101 3821 gevoe-rt,
2142 3724 2320 3791 ende
2360 3724 2589 3791 raet-en
2639 3723 2871 3792 aldaer
2904 3728 3333 3878 gevalpighen

922 3859 975 3896 „
1006 3834 1116 3885 tot
1157 3821 1228 3883 in
1260 3820 1380 3882 het
1414 3816 1572 3899 jaer
1611 3822 1800 3891 1570.
1850 3826 1893 3873 o
1972 3810 2511 3874 Smxen-avont
2557 3808 2695 3875 den
2738 3827 2819 3891 14
2846 3809 3025 3895 dagh
3140 3830 3181 3879 e
3237 3817 3327 3879 ,u

918 3904 1026 3970 Ex
1065 3900 1308 3983 quib-us
1345 3893 1777 3964 statuendum
1833 3912 1871 3959 e
1970 3890 2231 3973 Versteel
2274 3890 2349 3958 &
2403 3890 2547 3958 Van
2590 3892 2695 3957 der
2750 3892 3045 3959 Kammen
3080 3912 3187 3961 am
3286 3914 3329 3963 s

915 3984 1380 4053 Penfionarios
1413 3976 1937 4047 Mechlinienses
1962 3972 2191 4051 fuiss'e,
2232 3974 2321 4041 de
2348 3974 2591 4057 quibus
2626 3974 2869 4061 Vtglt'us
2894 3978 3042 4047 hic:
3084 3976 3162 4048 dc
3195 3996 3325 4065 pa-

911 4068 1027 4137 'tet
1063 4081 1300 4152 aperte
1331 4082 1421 4130 ex
1453 4060 1661 4147 Epist.
1697 4058 1849 4127 LX.
1893 4060 1965 4125 in
2008 4058 2125 4125 fin.
2446 4078 2455 4089 ·

913 4196 928 4207 ·
997 4152 1176 4239 (42)
1223 4145 1508 4233 Capacum
1549 4142 1994 4229 Trajeftenfia]
2050 4138 2312 4217 Videfis
2340 4142 2687 4215 Bataviam
2720 4144 2969 4215 Sacram
2988 4192 3015 4230 ,
3033 4195 3042 4210 .
3060 4147 3132 4231 ,θ’
3160 4144 3323 4226 Bor·

914 4244 1082 4311 rium
1119 4236 1221 4307 lib.
1252 4254 1316 4327 4.
1339 4229 1468 4326 fot.
1511 4232 1655 4319 164.
1693 4226 1857 4303 Vso,
2156 4271 2163 4277 -
2302 4267 2319 4287 ι
2876 4290 2939 4305 ..
3010 4290 3018 4301 .
3070 4280 3153 4304 ..φ
3226 4290 3281 4307 ..
3326 4249 3341 4307 ·.

2712 4400 2727 4411 “
2826 4394 2841 4437 k
