3700 4884
373 339 1060 466 -EP'ISTOL‘AE
1112 325 1292 456 An
1347 345 1782 475 JOACH.
1836 359 2559 460 HOPPE-RUM.
2587 391 2751 489 441

337 565 476 660 jam
507 559 778 658 pridem
820 557 964 634 huc
1008 551 1281 631 reversa
1324 555 1422 630 est
1445 611 1464 646 ‚
1507 548 1794 632 tradidi.
1893 554 2123 653 Spero
2154 557 2242 632 de
2278 555 2556 635 Ediei'o·
2580 557 2758 636 Ant·

339 655 700 754 verpienfi.
721 680 784 730 ae
838 657 1106 752 uiorem
1143 651 1348 727 nobis
1393 653 1668 750 Regem
1709 649 1899 736 fore,
1954 655 2075 727 ubi
2125 655 2537 730 intellexerit
2585 659 2757 734 Inu-

335 754 720 828 striflimum
855 773 1060 827 ucem
1109 748 1463 822 Albanum
1487 800 1513 838 ,
1601 745 2317 825 confideratd¹rerum
2370 749 2763 830 nostrarum

335 846 554 935 statu,
609 845 980 924 necess'arid
1015 845 1106 920 ad
1147 839 1746 942 quaedam*ssmilia
1781 841 2375 921 condescendere:
2426 852 2545 946 qui
2581 873 2752 924 tam-

339 944 808 1020 etfi·maxime
856 945 1059 1018 rebus
1113 943 1384 1024 ,mederi
1444 943 1718 1036 cupiat,
1769 939 2217 1016 multitudine
2268 963 2532 1027 tamen,
2582 945 2763 1021 aliis?

343 1063 488 1140 que
524 1039 614 1116 de
657 1041 880 1118 causis
927 1040 1250 1134 impediri
1289 1017 1358 1112 l'e
1413 1035 1659 1123 sentit,
1711 1059 1857 1131 quo
1904 1037 2131 1110 minus
2192 1045 2465 1112 eum-ri
2568 1065 2753 1126 rem,

339 1161 552 1233 quem
618 1135 986 1234 Hispanici
1038 1133 1398 1227 Theologi
1458 1134 1818 1228 requirunt
1840 1184 1868 1218 ,
1948 1155 2275 1208 exercere
2326 1159 2425 1230 po
2476 1157 2549 1209 it.
2652 1137 2753 1211 Et

337 1256 474 1307 nos
503 1255 698 1309 certe
741 1233 918 1306 nihil
947 1231 1146 1325 prius
1187 1227 1560 1301 habuimus
1581 1281 1604 1314 ‚
1653 1228 1862 1324 quam
1912 1225 2355 1324 Religionem
2390 1229 2753 1327 Regisque

343 1329 854 1403 authoritatem
903 1325 1320 1424 conservare
1351 1375 1374 1407 ,
1425 1321 1966 1422 restituereque:
2012 1323 2131 1398 sed
2186 1327 2559 1421 aliquando
2584 1351 2749 1402 con-

343 1424 496 1500 fiiia
532 1423 1124 1502 accommodanda
1155 1417 1312 1492 sunt
1358 1421 1687 1514 tempori.
2016 1433 2026 1446 ·

443 1519 564 1592 De
627 1519 710 1592 N
711 1517 1056 1594 oircarmii
1104 1517 1392 1610 negot-io
1412 1565 1434 1601 ,
1484 1518 1779 1610 gratiam
1856 1515 2081 1590 habeo
2112 1567 2141 1603 ,
2208 1516 2395 1613 quod
2482 1520 2747 1614 aliquid

335 1615 761 1713 rescripseris
778 1666 803 1703 ‚
851 1617 926 1689 &
955 1614 1254 1686 arbitror
1273 1663 1296 1697 ,
1344 1611 1622 1685 Ducem
1673 1611 1965 1686 eandem
2014 1613 2104 1684 de
2154 1635 2240 1688 eo
2270 1613 2541 1689 habere
2595 1621 2750 1712 opi-

317 1717 673 1802 ·nionem,
726 1712 801 1787 δι
909 1707 1178 1784 refecto
1225 1731 1364 1781 non
1407 1705 1624 1780 folum
1691 1707 1814 1782 ille
1894 1703 2113 1802 Regis
2158 1731 2393 1804 partes
2472 1709 2754 1786 fortiter

337 1829 604 1884 tutatus
645 1807 826 1899 est,’
861 1809 950 1881 ed
1007 1807 1263 1880 multos
1330 1800 1434 1876 sui
1481 1803 1742 1878 ordinis
1796 1805 1874 1878 in
1910 1803 2231 1878 'eandem
2288 1807 2765 1896 devotionem

395 1925 700 1980 ertraxrt.
1529 1931 1540 1940 ·
2184 1929 2193 1938 ·

339 1927 394 2004 P
437 1993 559 2094 De
591 1995 929 2074 Dominio
974 1993 1467 2069 Daelhemenfi
1489 1995 1698 2080 etiam
1743 2015 1951 2090 atque
1990 1995 2199 2082 etiam
2239 1996 2369 2068 tibi
2411 2001 2745 2094 gratulor:

342 2093 522 2186 Quo
555 2097 628 2169 in
677 2093 862 2168 statu
907 2089 990 2164 fit
1022 2091 1162 2166 Loi
1190 2092 1404 2164 'amici
1457 2093 1680 2164 nostri²
1711 2091 2046 2164 valetudo
2070 2143 2093 2176 ,
2146 2113 2235 2166 ex
2285 2094 2435 2165 aliis
2484 2117 2756 2190 cogno»

333 2191 512 2267 viss'e
543 2213 616 2266 te
650 2191 967 2265 arbitror.
1061 2187 1234 2280 Ego
1299 2189 1534 2270 illum,
1581 2203 1662 2257 ut
1691 2187 2001 2279 poss'um,
2053 2185 2423 2274 consolor,
2472 2187 2550 2260 δι
2586 2187 2749 2263 cum

339 2289 438 2362 de
485 2287 710 2362 literis
748 2287 837 2358 ad
887 2303 958 2369 te
993 2280 1268 2374 scriptis
1311 2283 1472 2375 plus
1509 2279 1666 2354 satis
1707 2278 1792 2352 fit
1825 2279 2200 2363 sollieituS,
2248 2283 2395 2354 dixi
2429 2307 2541 2357 me
2575 2287 2747 2357 muf-

337 2404 418 2458 ω
468 2381 567 2456 ad·
591 2379 1012 2474 reamplibr'a
1130 2375 1525 2472 rscripsrffe,
1555 2399 1784 2474 neque
1817 2397 2069 2472 putare
2104 2375 2266 2450 inde
2307 2401 2433 2450 me·
2450 2381 2757 2474 aliquam

338 2481 623 2574 culpam
691 2473 1002 2550 contrax‘
1059 2483 1170 2555 e,²
1207 2471 1327 2545 sed
1379 2475 1667 2567 gratiani
1723 2474 1929 2545 etiam
1982 2470 2223 2546 iniisse.
2322 2473 2445 2548 Tu
2507 2476 2755 2570 itaque·

332 2577 690 2651 hominem
736 2573 1012 2664 utrique
1066 2570 1361 2641 amicum
1419 2569 1494 2642 δι
1545 2569 2007 2650 benevolum,
2058 2565 2328 2664 quaeso,
2398 2590 2474 2642 ut
2525 2573 2751 2644 literis

331 2676 474 2747 tuis
510 2669 921 2751 confirmeS,
969 2667 1570 2761 opinionemquei
1654 2677 1808 2738 uam
1841 2665 2123 2736 morbus
2160 2667 2386 2748 auxit,
2441 2670 2740 2757 eximas,

334 2771 716 2864 literasque
748 2762 964 2865 ipfius
995 2781 1067 2834 te
1107 2759 1432 2834 Vulcano
1465 2780 1600 2832 con
1635 2757 2254 2846 ecraffe-affirmes,
2303 2785 2389 2834 ne
2426 2764 2594 2858 quid
2641 2765 2758 2838 illi-

337 2867 642 2960 amplius
685 2865 950 2934 haereat
986 2855 1140 2932 seru
1189 2858 1308 2930 uli.
1677 2919 1684 2926 .

431 2949 872 3043 ‚Illustriffima
922 2953 1114 3028 Duci
1167 2973 1214 3024 a
1264 2953 1534 3048 aliquot
1581 2951 1840 3026 diebus
1880 2951 1921 3025 a
1969 2951 2173 3024 nobis
2240 2977 2382 3026 non
2436 2953 2535 3027 est
2596 2955 2755 3030 visa‘-

327 3055 750 3132 valetudinis
797 3073 974 3145 ergo
993 3101 1017 3134 ,
1065 3073 1276 3142 quam
1325 3050 1638 3121 nondum
1671 3046 2050 3122 restitutam
2078 3050 2467 3145 intelligere
2510 3048 2743 3145 poffii·

327 3175 511 3228 musa
601 3148 944 3226 Creditur
982 3145 1330 3221 autem'ad
1353 3145 1677 3218 morbum
1715 3145 1924 3215 animi
1958 3145 2293 3219 accedere
2330 3169 2694 3220 maerorem
2716 3197 2749 3233 2

333 3247 550 3346 quod„
580 3246 647 3320 se
703 3246 802 3318 ob
845 3245 1136 3336 longum
1202 3240 1540 3314 mentium
1597 3239 1947 3334 ab-Rege
1994 3242 2294 3338 negligi,
2360 3245 2749 3318 authorita-

330 3365 630 3439 temque
672 3339 852 3414 stram
885 3339 1002 3410 alii
1029 3337 1313 3412 attribui
1349 3337 1607 3410 videat.
1711 3332 1927 3407 Unde
1962 3338 2193 3411 adhuc
2236 3341 2305 3412 in
2360 3361 2441 3413 ea
2482 3339 2745 3416 dicitur

437 3461 750 3513 rmanere
782 3435 1147 3518 sententia,
1197 3449 1278 3504 ut
1334 3431 1538 3506 brevi
1581 3431 1781 3504 nobis
1835 3429 1929 3502 fit
1959 3431 2405 3510 vatedietura.
2512 3435 2745 3531 Quod

329 3461 745 3620 ficacddee,
795 3529 870 3603 δι
918 3530 1078 3603 Rex
1115 3531 1489 3602 adventum
1533 3526 1728 3601 suum
1780 3525 2063 3601 differre
2124 3549 2431 3628 perget,
2498 3531 2591 3602 D.
2642 3531 2739 3606 V.·

189 3631 194 3634 ’
334 3643 470 3730 pei·
500 3632 570 3709 se
617 3623 1050 3705 confidet-are
1095 3625 1356 3720 potest,
1425 3626 1585 3721 quis
1625 3623 1830 3720 hujus
1876 3623 2271 3700 Provinciae
2334 3627 2611 3698 futurus
2658 3616 2751 3702 fit

335 3733 616 3808 status.-
671 3726 770 3799 Et
813 3724 971 3798 sunt
1015 3742 1208 3798 certe
1265 3723 1483 3800 multa
1577 3741 1682 3798 uae
1731 3722 2076 3795 bonorum
2142 3723 2429 3794 animos·
2470 3725 2749 3815 percel-

170 3879 183 3886 -
331 3827 512 3902 lunt.
589 3819 882 3898 ‚Ver-itm
917 3843 1054 3918 ego
1111 3841 1222 3892 me
1273 3823 1496 3893 aetatis
1631 3817 1888 3891 neficio
1934 3815 2304 3901 consolor,
2350 3815 2755 3916 speroque,.

337 3923 497 3996 'eum
527 3923 690 3998 Rex
742 3918 1124 3992 adventum
1156 3913 1349 3990 fixum
1387 3918 1494 3988 i‘n-‘'
1517 3916 1706 3990 aliud
1755 3933 2051 4007 tempus·
2084 3909 2561 3986 differendum·
2604 3916 2750 3990 sta-

339 4019 553 4090 tuerit
583 4070 602 4101 ,
651 4014 1038 4088 Dominum
1105 4011 1622 4110 Tysenachium
1685 4007 1926 4082 saltem
1974 4025 2342 4082 venturum
2366 4064 2386 4097 ‚
2438 4015 2563 4106 qui
2626 4039 2753 4090 me

337 4109 558 4186 officii
590 4109 775 4186 istius
813 4110 1270 4185 sollicitudine
1299 4109 1573 4181 liberet.
1671 4103 2016 4200 Magnam
2070 4124 2425 4202 praeterea·
2453 4111 2735 4204 imprae·

339 4209 730 4292 finam
756 4209 942 4290 mjffi
957 4207 1200 4288 adimit
1247 4202 1917 4379 ωοΙείὶίευΙιέκιὲηοά
1978 4199 2362 4283 sacerdotii
2399 4207 2575 4282 ordo
2618 4203 2771 4376 ‘ng'
