3700 4884
905 354 1073 450 472
1128 318 1613 428 Ἥρωι
1668 342 1801 409 Aa
1859 309 2385 407 AYTTA
2434 302 3246 426 ZUICHEMI.

926 545 1069 598 non
1124 519 1395 606 fineti8‚
1438 516 1626 589 vires
1675 510 1959 605 virique
2005 530 2148 591 non
2197 505 2536 597 deerunt3
2571 500 2870 591 ·tametfi
2923 523 3114 582 certe
3145 521 3350 583 tanto

926 640 1245 712 tempore
1294 619 1367 686 in
1402 606 1723 707 suspenso
1770 607 1990 678 teneri
2038 606 2346 703 ossmniurn
2397 609 2666 679 animos
2688 654 2708 687 ,
2759 624 3012 696 parum
3075 602 3352 683 consul-

928 737 1074 789 tum
1126 712 1457 785 hastenus
1505 702 1725 779 visum
1782 698 1920 777 fuit
1958 754 1979 786 ,
2059 702 2222 773 cu‘m·
2258 704 2520 773 interea
2565 701 2771 772 etiam
2819 690 3170 771 bonorum
3207 704 3351 773 ani-

925 812 1023 885 mi
1047 864 1080 897 ⁷,
1153 806 1451 902 quadam
1501 824 1729 875 rerum
1780 795 2158 871 diffidentia
2203 796 2496 891 perculsi
2537 847 2558 877 ,
2605 796 2932 869 vacillare
2980 796 3122 868 inci
3181 798 3350 869 iant.

928 898 1085 1003 Jam
1142 919 1319 975 vero
1380 898 1697 994 quotidie
1764 896 2002 987 copias
2071 892 2398 967 militares
2475 893 2564 965 ad
2617 889 2920 965 confinia
2979 912 3117 963 con
3177 914 3340 964 uere

930 1002 1306 1081 audimus,
1358 996 1433 1069 ὅτ,
1482 990 1652 1063 Dux
1702 1010 1992 1085 quoque
2041 990 2355 1083 equitum
2389 1039 2412 1075 ,
2465 986 2932 1083 peditumque
2977 1008 3354 1061 numerum

927 1117 1138 1191 auget
1158 1084 1203 1181 ‚'
1228 1092 1563 1183 brevique
1614 1086 1970 1159 videbitur
2021 1086 2165 1180 quo
2217 1108 2254 1155 a
2309 1104 2587 1179 paratus
2644 1082 2754 1155 isti
2809 1083 3134 1186 eradent.
3292 1157 3306 1165 ,

1026 1188 1343 1284 Jacobus
1404 1184 1703 1257 Eindius*
1744 1182 2156 1254 Advocatus
2204 1178 2242 1251 1
2289 1181 2608 1253 ollandiae
2657 1178 2892 1251 adhuc
2927 1180 3001 1251 in
3031 1178 3352 1255 custodia

930 1289 1327 1368 detinetur3
1377 1278 1619 1353 verum
1655 1278 1743 1351 de
1778 1277 1923 1372 ejus
1943 1274 2144 1349 causa
2175 1278 2460 1362 melius,
2497 1296 2708 1371 quam
2747 1274 2836 1347 de
2865 1273 3350 1352 Mechlinien-

870 1447 875 1455 .
929 1385 1143 1467 frum,
1196 1370 1815 1468 Namurcenfisque
1874 1370 2248 1466 speramus.

1026 1478 1246 1570 Cogit
1275 1496 1505 1546 autem
1550 1470 1831 1543 Ducem
1887 1465 2142 1539 instans
2186 1467 2353 1567 belli
2403 1466 2822 1563 inquietudo
2853 1464 3116 1560 judicia
3149 1494 3358 1547 acce‘

929 1579 1199 1659 lerare,
1268 1570 1341 1645 &
1380 1573 1521 1665 jam
1556 1566 1887 1659 intelligo
1928 1562 2267 1659 majorum
2325 1564 2708 1635 Procerum
2753 1563 2988 1639 causas
3037 1564 3190 1641 fere
3244 1570 3354 1641 in·-

928 1670 1218 1745 strustas
1278 1664 1413 1739 effe
1450 1715 1471 1747 ,
1540 1682 1958 1757 quamquam
1998 1680 2133 1751 ego
2197 1660 2570 1733 arbitratus
2634 1657 2902 1753 semper
2967 1660 3070 1733 fui
3113 1714 3134 1748 ‚
3203 1660 3350 1737 Re-

896 1832 901 1839 .
982 1790 1095 1840 em
1142 1784 1347 1859 antea
1392 1762 1481 1833 de
1534 1756 1699 1855 ipfis
1750 1754 1887 1831 ‘effe
1937 1752 2484 1831 consulendum:
2553 1752 2675 1829 sed
2723 1754 2798 1828 id
2853 1752 3156 1832 fortaffis
3200 1760 3350 1855 Jam

968 1861 1197 1936 actum
1250 1860 1369 1935 est.

1028 1952 1493 2031 Mansfeldius
1531 1948 2084 2050 nuperexltana
2105 2006 2126 2040 ‚
2167 1952 2312 2047 quo
2337 1948 2686 2029 Ducissam
2715 1951 3009 2027 deduxit
3041 1942 3350 2029 Luxem·

838 2122 845 2149 ÷
929 2055 1233 2149 burgum
1272 2054 1515 2137 rediit,
1566 2050 1849 2145 ipsaque
1951 2073 2026 2123 er
2057 2051 2374 2123 eumdem
2411 2050 2625 2122 literis
2659 2048 2942 2145 dignata
2971 2049 3076 2122 est.
3109 2073 3219 2124 me
3259 2052 3354 2126 de

931 2150 1147 2224 faelici
1194 2149 1464 2223 itineris
1512 2146 1617 2220 sui
1646 2145 1845 2219 succe
1901 2170 1949 2218 u
1997 2148 2363 2235 certiorem
2409 2145 2723 2219 reddere.

1026 2245 1237 2319 Uxor
1274 2245 1695 2319 cancellarii
1724 2240 1989 2315 Gelriae
2024 2239 2364 2313 moestitiae
2391 2244 2600 2339 plena
2634 2242 3086 2313 Arnhemium
3119 2243 3210 2317 ad
3244 2241 3364 2318 fu·

910 2364 1068 2424 ²nur,
1104 2342 1333 2415 mariti
1364 2338 1745 2415 curandum
1791 2340 2036 2427 rediit,
2091 2360 2175 2410 ac
2206 2336 2368 2410 inde
2401 2336 2978 2432 supplicationem
3015 2360 3146 2433 pto
3180 2361 3356 2436 pen·

938 2436 1242 2510 fiuncula
1274 2439 1361 2509 ad
1408 2436 1677 2529 Regem
1718 2433 1785 2505 se
1834 2432 2010 2506 mihi
2059 2431 2589 2507 transnziffuram
2649 2433 2869 2520 dixit,
2917 2456 3172 2531 quam,
3223 2436 3392 2509 ubi'

940 2554 1285 2626 accepero
1318 2580 1341 2616 ,
1408 2553 1551 2603 non
1596 2548 1849 2623 potero
1897 2550 2036 2600 non
2099 2546 2168 2602 te
2218 2552 2462 2625 rogare
2501 2580 2524 2617 ,
2573 2549 2652 2601 ut
2689 2533 2875 2624 apud
2911 2528 3349 2625 Majestatem

940 2628 1132 2701 suam
1166 2625 1637 2699 honestiffimae
1674 2640 2016 2697 matronae
2078 2622 2442 2720 suffragari
2483 2648 2624 2698 non
2715 2627 2994 2699 raveris.
3358 2654 3366 2663 ·

968 2749 982 2761 ·
1038 2724 1380 2819 Aggaeum
1412 2720 1717 2795 nostrum
1746 2722 1815 2792 in
1846 2718 2061 2793 Frifia
2097 2718 2228 2793 effe
2271 2723 2480 2795 audio
2505 2772 2530 2808 ,
2579 2719 2648 2794 se
2716 2770 2739 2807 ,
2787 2746 2952 2795 cum
2971 2723 3086 2795 ille
3115 2748 3354 2798 rumo-

946 2820 1135 2893 ribus
1176 2818 1381 2891 facile
1417 2838 1796 2905 terreatur,
1848 2818 2234 2890 accelerare
2269 2840 2428 2891 eum
2472 2820 2771 2891 reditum
2799 2816 3080 2914 Spiram
3107 2820 3364 2897 intelli·

944 2936 1085 3011 g0,
1133 2913 1297 2987 curn
1346 2934 1645 3007 metuat,
1694 2934 1783 2986 ne
1814 2915 2061 2985 coelum
2109 2911 2319 3009 super
2353 2936 2482 2987 nos
2521 2930 2699 2986 ruat.
3078 2942 3090 2954 ·

1044 3013 1584 3085 Secretariorum
1630 3008 2018 3081 nostrorum
2046 3058 2068 3092 ,
2118 3032 2419 3103 quorum
2449 3034 2664 3107 opera
2696 3011 2768 3082 in
2799 3010 3004 3088 rebus
3057 3012 3358 3089 Confflii

948 3106 1188 3183 Status
1226 3109 1533 3191 utimur,
1585 3104 1858 3179 causam
1903 3104 2032 3178 tibi
2081 3107 2458 3207 aliquando
2509 3109 3041 3196 commendavi,
3085 3108 3210 3185 sed
3255 3113 3364 3185 illi

949 3203 1108 3277 cum
1148 3225 1469 3298 tempora
1497 3202 1641 3274 labi
1677 3204 2002 3285 videant,
2053 3200 2724 3296 Gubernatoresque
2757 3208 3048 3289 mutari,
3101 3230 3184 3281 ac
3221 3232 3364 3281 me—

948 3302 1081 3373 rita
1117 3296 1237 3369 sua
1286 3300 1371 3371 ab
1416 3300 1543 3385 iis,
1595 3300 1718 3394 qui
1754 3300 1845 3369 de
1891 3319 2085 3372 novo
2124 3300 2541 3385 adveniunt,
2594 3301 2942 3392 ignorari,
3001 3301 3074 3373 &
3104 3325 3358 3399 recog·

953 3394 1147 3468 nosci
1184 3414 1325 3467 non
1356 3392 1674 3488 sperant,
1721 3395 1927 3487 plane
1977 3394 2278 3465 animuin
2329 3393 2800 3489 despondent:
2854 3394 3250 3492 saepiusque
3295 3423 3366 3471 a·

954 3495 1245 3587 pudme
1296 3488 1783 3565 Va-nderanius
1834 3510 1998 3560 cum
2041 3492 2368 3583 lacrymis
2407 3490 2548 3563 suae
2595 3488 2900 3565 fortunae
2957 3497 3370 3569 tenuitatem

951 3584 1315 3683 exposuit,
1366 3606 1525 3680 quae
1558 3591 1934 3657 numerolae
1969 3588 2156 3678 proli
2177 3586 2636 3682 familiaeque,
2675 3612 2758 3661 ac
2787 3587 3166 3663 scribarum
3187 3594 3364 3664 mul·

952 3684 1236 3757 titudini
1268 3680 1575 3762 alendae,
1624 3702 1871 3776 parum
1909 3680 2176 3755 sufficit.
2241 3682 2544 3757 Proinde
2585 3706 2725 3756 non
2755 3682 3030 3780 poss'um
3061 3711 3184 3763 eos
3215 3712 3364 3761 non

952 3782 1083 3851 tibi
1120 3802 1203 3851 ex
1251 3782 1482 3853 animo
1518 3778 2042 3861 commendare,
2093 3778 2241 3873 quo
2272 3778 2431 3852 Rex
2457 3781 2761 3873 aliquem
2802 3783 3151 3867 laborum,
3182 3806 3366 3879 quos
3441 3852 3456 3873 ,

954 3873 1082 3969 ipsi
1118 3872 1414 3947 fideliter
1452 3878 1525 3948 in
1575 3874 1954 3969 Majestatis
2012 3874 2152 3947 suae
2193 3876 2399 3949 rebus
2439 3878 2988 3969 impenderunt,¹
3024 3882 3368 3955 rationem

936 3971 1227 4043 habeat.
1326 3969 1469 4044 Pro
1520 3994 1628 4044 me
1684 3970 1837 4066 ipso
1887 3972 2064 4046 vero
2096 3995 2238 4045 non
2283 3974 2486 4045 aliam
2525 3977 3201 4054 commendationem
3239 3976 3365 4051 abs

954 4068 1027 4145 te
1076 4068 1395 4163 requiro,
1444 4067 1653 4163 quam
1700 4092 1848 4145 eam
1869 4119 1895 4161 ,
1946 4092 2154 4166 quam
2199 4070 2434 4147 multis
2475 4070 2694 4147 literis
2727 4092 2930 4149 antea
2967 4074 3096 4152 abs
3129 4094 3200 4149 ne
3237 4096 3365 4171 po-

3161 4171 3374 4270 stula2
