3700 4884
488 274 1133 488 EpisTotAE
1184 332 1363 435 AD
1417 334 1843 450 JOACH.
1900 335 2614 442 HOPPERUM,
2635 348 2808 469 4⁶5

446 557 525 611 ro
608 532 983 630 nepotibus
1067 529 1553 619 Salamanticae
1620 532 2016 628 agentibua'
2057 538 2454 651 expendere
2517 539 2807 623 debere.-

344 690 355 699 .
452 654 579 731 ene
623 632 825 721 vale,
869 626 1325 705 Horum
1376 624 1528 705 CL.
1584 626 2162 709 Bruxeuae.·cal.
2209 634 2479 713 Martu.
2527 658 2658 715 clo
2713 658 2806 713 ιο

392 746 649 804 ιινιιι.
2040 792 2046 799 .

652 873 1812 1073 'E'PI-STOLA
1959 876 2386 1023 LIII(

384 1170 529 1269 De
579 1168 967 1289 Happeri
1021 1194 1272 1257 uxore
1338 1176 1419 1256 in
1478 1162 1967 1286 Hispaniam
2017 1174 2138 1261 ad
2179 1179 2616 1265 maritum.
2683 1191 2808 1271 rw

473 1284 827 1401 feaur'a.
951 1282 1403 1391 Confiliarii
1480 1284 1632 1369 duo
1722 1280 2200 1375 Brabantim‘
2229 1350 2256 1391 ,
2333 1286 2452 1379 &⁹
2665 1292 2800 1393 ba-

499 1406 571 1487 te·
628 1428 681 1486 a
736 1396 859 1488 N
848 1395 1235 1531 ivelfenfis
1248 1452 1298 1501 ,·
1330 1392 1609 1509 ficulo
1679 1395 2052 1504 dffundi.
2165 1396 2612 1501 Librorum
2683 1412 2802 1519 1⁰1².-

498 1530 883 1603 ventarla
929 1529 1203 1603 mutit-

382 1746 638 1914 CL.
686 1746 785 1824 D.
834 1746 1333 1837 Horrzaa,
1382 1773 1551 1847 quas
1594 1747 2070 1849 superioribus
2099 1754 2344 1831 diebus
2385 1758 2470 1830 ad
2503 1779 2575 1832 te
2627 1760 2792 1836 dedi

594 1848 830 1919 literas
864 1896 887 1931 ,
934 1870 1236 1931 vereor,
1286 1870 1373 1919 ne
1404 1845 1669 1921 tardius
1708 1847 1797 1920 ad
1837 1868 1906 1921 te
1961 1854 2414 1943 perveniant,
2466 1856 2630 1929 licet
2679 1877 2798 1931 eas

379 1942 849 2017 Courtevinio
871 1992 894 2027 ,
976 1942 1437 2037 magistroque
1494 1940 1851 2017 cursorum
1904 1948 2315 2039 tempestive
2363 1950 2798 2023 tradiderim.
2881 2012 2894 2022 .

280 2044 297 2051 “
386 2039 613 2133 Quod
660 2056 891 2112 autem
948 2036 1087 2109 illis
1132 2036 1451 2131 adjiciam
1510 2060 1651 2111 non
1706 2040 2004 2111 multum
2057 2040 2224 2126 erit,
2287 2039 2446 2129 nifi,
2513 2064 2595 2115 ut
2665 2045 2798 2117 tibi

380 2132 793 2231 fignificem,
842 2154 1131 2204 uxorem
1168 2131 1641 2226 familiamque
1679 2152 1868 2205 tuam
1923 2136 2232 2207 nondum
2283 2138 2426 2208 huc
2475 2160 2564 2210 ex
2614 2136 2798 2213 Hol-

377 2232 620 2305 landia
656 2226 968 2312 rediiss'e,
1020 2224 1093 2295 &
1136 2224 1259 2297 nifi
1304 2224 1509 2297 nobis
1550 2230 1769 2321 major
1818 2224 2172 2321 afflulgeat
2240 2226 2600 2320 serenitas,
2651 2256 2798 2309 non

384 2325 551 2399 satis
580 2320 839 2407 video,
894 2322 1251 2415 quomodo
1298 2340 1532 2409 tuum,
1582 2318 1929 2415 ipsiusque
1977 2319 2380 2397 defiderium
2433 2325 2815 2425 adimpleri

385 2436 647 2517 queat,
698 2439 977 2512 tuaeque
1011 2436 1231 2489 morae
1268 2417 1575 2511 imputa,
1628 2417 1964 2511 quodjlli
2019 2442 2160 2490 non
2205 2420 2410 2494 citius
2453 2422 2542 2495 ad
2573 2444 2642 2497 te
2674 2448 2802 2498 ve·

382 2517 543 2591 nire
574 2510 990 2611 permiseris,
1094 2511 1290 2605 Quin
1325 2512 1399 2585 &
1437 2510 1582 2605 ipse
1614 2526 1757 2587 non
1793 2511 1954 2587 satis
2013 2538 2124 2587 me
2163 2516 2352 2608 apud
2402 2539 2552 2590 eam
2585 2543 2794 2595 excu-

377 2610 530 2685 sare
586 2606 895 2705 poffum,
966 2610 1157 2701 quod
1226 2604 1680 2695 dissuaserim,
1730 2630 1817 2683 ne
1877 2631 1948 2682 te
1991 2611 2064 2681 in
2118 2610 2530 2707 Hispaniam
2573 2616 2793 2713 profi-

387 2706 762 2783 ciscentem
798 2704 1288 2784 comitaretur3
1337 2702 1579 2777 verum
1607 2730 1755 2779 eam
1796 2708 2304 2801 quoquomodo
2335 2760 2357 2791 ,
2407 2710 2530 2781 ubi
2583 2713 2805 2787 adve-

381 2805 613 2882 nerit,
662 2799 1112 2897 placabimus.
1212 2798 1404 2892 Mari
1437 2820 1625 2873 certe
1660 2824 1906 2898 parurn
1951 2806 2178 2873 tutum
2217 2804 2313 2875 est
2369 2801 2596 2880 isthuc
2628 2830 2804 2904 pro—

378 2897 637 2979 ficisci,
716 2894 877 2969 cum
944 2892 1285 2968 Condaici
1344 2894 1703 2992 Anglique
1756 2898 1989 2968 omnia
2040 2898 2413 2992 diripiant,
2478 2902 2596 2989 δε,
2646 2904 2798 2976 vix·

383 2997 558 3069 dum
594 2994 785 3065 bello
820 2988 1332 3065 Geusianorum
1379 2990 1701 3067 confecto
1728 3047 1746 3079 ,
1818 2990 2050 3081 nescio
2102 3014 2246 3087 quo
2301 2990 2491 3077 fate,
2538 2985 2803 3091 praeter·

384 3092 796 3191 opinionem
830 3088 1105 3183 Anglos
1139 3086 1461 3161 videmur
1522 3087 1826 3161 habituri
1883 3086 2151 3172 hostes»,
2203 3091 2328 3181 qui
2386 3094 2652 3163 tantum
2691 3115 2796 3165 ar·

382 3186 629 3283 genti,
694 3186 1169 3277 merciumque
1220 3205 1309 3253 ex
1378 3180 1629 3255 nostris
1688 3181 1988 3254 navibus
2043 3204 2132 3253 ex
2180 3182 2526 3279 Hispania
2588 3184 2823 3263 adve·'

385 3278 748 3355 nientibus
808 3277 1285 3370 diripuerunt,
1354 3296 1433 3349 ut
1483 3276 1717 3351 nostro
1767 3275 2046 3370 sumptu
2104 3276 2363 3352 bellum
2428 3282 2798 3356 adversum

386 3398 526 3450 nos
588 3396 825 3467 gerere
862 3370 1051 3467 poss'e
1102 3372 1560 3457 arbitrentur,
1612 3370 1734 3443 nisi
1783 3368 2028 3466 Regiae
2065 3373 2450 3471 Majestatis
2481 3382 2802 3454 authori*

384 3492 498 3547 tas
536 3470 875 3565 Reginam
912 3466 1429 3539 insolescentem
1468 3470 1551 3539 ad
1586 3467 1851 3541 saniora
1899 3466 2177 3542 consilia
2232 3474 2540 3546 reducat.
2718 3558 2729 3568 ,

490 3568 684 3644 Ante
747 3565 927 3640 duos
956 3564 1124 3637 'dies
1173 3561 1625 3675 franciscum
1699 3562 2068 3659 Parilium,
2127 3572 2157 3658 <
2181 3569 2316 3665 20)
2383 3566 2798 3663 Nopenum-

2659 3687 2806 3760 que
2873 3720 2886 3725 -

348 3849 371 3879 ⁹
484 3867 653 3954 (20)
711 3866 1053 3955 Franciscus
1114 3868 1433 3957 Parissus]
1491 3868 1704 3956 vulgo
1744 3868 1847 3937 De
1899 3870 2116 3944 Paris,
2181 3868 2624 3941 renunciatus
2662 3871 2806 3941 fuit

394 3950 837 4035 consiliarius
864 3956 1053 4021 circa
1090 3972 1345 4019 annum
1383 3972 1569 4050 1541.
1610 3970 1815 4034 atque
1852 3952 2032 4017 adeo
2085 3950 2345 4019 Carolo
2385 3955 2477 4022 V.
2516 3952 2590 4023 &
2640 3956 2804 4022 Phi-—

313 4050 322 4055 ’
396 4034 598 4115 lippo
638 4036 723 4103 Π.
761 4040 831 4102 in
854 4039 1117 4103 Senatu
1140 4038 1521 4105 Brabantiae
1553 4056 1591 4103 a
1623 4034 1919 4101 confinis
1947 4034 2101 4100 fuit.
2144 4034 2528 4125 Conjugem
2557 4040 2812 4106 habuit-
2905 4098 2914 4105 .

402 4114 685 4182 Mariam
727 4136 859 4187 van
908 4119 1158 4200 Eesbeke
1180 4167 1201 4197 ,
1262 4121 1401 4187 Vul
1454 4122 1497 4187 ὸ
1551 4136 1687 4185 van
1740 4114 1847 4181 der
1883 4116 2172 4202 Hagben,
2217 4139 2306 4187 ex
2347 4140 2482 4207 qua
2521 4123 2806 4210 pmlem

360 4288 365 4295 ι
400 4196 705 4284 reliquit.
792 4200 877 4270 V.
909 4198 1152 4267 Theatre
1168 4202 1341 4274 Sacra}
1422 4224 1449 4269 e
1489 4200 1762 4279 Brabant
1803 4198 1970 4270 Tom.
2011 4220 2062 4273 1.
2094 4220 2172 4291 p.
2200 4220 2344 4297 ης.
2799 4250 2808 4257 .

1634 4284 1835 4360 Nnn
1891 4310 1935 4389 3

1219 4372 1229 4383 ἱ
