3700 4884
402 299 1049 408 EPISTOLAE
1102 295 1282 397 AD
1336 295 1772 412 JOACH.
1827 226 2525 402 HOPPERUM
2578 321 2747 428 481

317 552 331 562 ,
429 497 793 584 Accusant
821 495 1128 595 Hispani
1158 491 1446 573 militem
1465 494 2004 582 Germanicum,
2056 483 2465 581 'Germanici
2491 498 2749 600 Hispa·

325 597 568 674 uicum
631 623 650 670 ε
701 593 824 669 sed
860 595 1128 670 interea
1199 591 1482 666 illustris
1543 593 1756 665 heros
1793 591 2289 690 Arembergius
2324 595 2595 673 fortiter
2611 622 2745 695 pu-

326 694 624 792 gnaudo
660 690 920 768 cecidit
957 713 976 764 ε
1025 687 1208 762 faxit
1240 687 1379 760 Da
1399 711 1530 771 us,
1581 709 1662 760 ut
1695 684 2160 762 infortunium
2189 713 2396 767 omne
2436 693 2741 770 nostrum

321 814 492 866 cum
517 811 606 864 eo
621 788 920 862 finiatur.
972 781 1056 858 N
1059 809 1150 858 on
1173 783 1372 858 lubet
1395 782 1515 856 hic
1550 781 1806 858 referre
1828 781 1919 856 de
1952 782 2241 879 planstu
2277 809 2361 862 ac
2388 791 2740 868 lachrimis

326 883 725 962 Comitiss'ae
787 875 1348 975 Arembergenfis
1372 930 1395 966 ,
1443 899 1601 973 quae
1641 880 1718 950 iu
1766 880 1903 954 hac
1940 881 2115 954 urbe
2148 904 2479 958 eventum
2505 909 2743 962 rerum

318 979 746 1093 expestabat
787 1006 804 1052 ε
875 979 1399 1068 multorumque
1453 975 1748 1048 aliorum
1795 974 2109 1050 moestitia
2174 997 2257 1058 ac
2323 977 2523 1054 lustu
2558 1031 2587 1070 ,
2651 984 2740 1056 de

315 1079 584 1176 qmbus
645 1072 790 1172 ipse
838 1067 1046 1148 facile
1129 1066 1601 1164 conjeeluram
1661 1066 1895 1146 facere
1938 1073 2228 1165 poteris.
2329 1073 2439 1148 Ut
2507 1075 2743 1152 autem

313 1171 754 1280 cognoscas?
808 1171 1005 1265 quid·
1037 1167 1196 1264 post
1247 1164 1424 1238 illud
1476 1166 1796 1259 praelium
1828 1165 2166 1244 acciderit
2185 1215 2210 1254 ,
2252 1172 2541 1268 jungam
2574 1171 2739 1248 Me·

313 1269 556 1370 pschii
587 1290 732 1364 quo
784 1288 872 1337 ue
905 1265 1142 1339 literas
1160 1305 1214 1351 ,-
1232 1283 1404 1356 quas
1435 1259 1782 1336 hodierno
1823 1261 1939 1335 die
1969 1265 2213 1358 accepi

417 1385 690 1438 xxvm.
829 1362 984 1456 ujus
1014 1353 1262 1430 meniis
1298 1357 1413 1430 die
1445 1354 1802 1432 seutentiae
1833 1355 2065 1430 Bauni
2111 1381 2193 1434 ac
2229 1359 2739 1438 confifcationis

309 1458 680 1535 bonorum
721 1451 1054 1530 adversus
1098 1452 1498 1548 Principem
1525 1452 2019 1531 Auraicensem
2042 1508 2065 1542 ,
2112 1453 2562 1533 Ludovicum
2586 1458 2743 1556 ejus

183 1629 190 1636 ,
312 1551 606 1629 fratrem
625 1602 652 1640 ,
705 1547 1219 1625 Brederodium
1271 1545 1682 1624 defunstum
1699 1602 1726 1637 ,
1775 1547 2226 1648 comitesque
2272 1551 2739 1650 Bergensem,

315 1647 963 1748 Hoogstratanum,
1013 1641 1092 1718 &
1155 1643 1704 1740 Culenburgium
1767 1648 1933 1720 latae
1978 1643 2133 1732 sunt
2160 1698 2187 1735 ,
2250 1673 2335 1724 ac
2388 1648 2743 1745 postremo

323 1745 575 1820 domus
592 1795 617 1832 ,
665 1744 740 1818 in
843 1766 935 1816 ua
1000 1738 1510 1814 Geufianorum
1557 1762 1951 1816 conventus
1994 1740 2273 1834 fuerat,
2322 1747 2507 1820 dirui
2534 1743 2739 1841 juffa.

324 1842 508 1917 Cras
553 1862 731 1915 vero
831 1855 1146 1911 ecretum
1202 1837 1306 1910 est
1362 1837 1452 1910 ad
1504 1839 1826 1911 ultimum
1884 1836 2305 1933 supplicium
2350 1843 2778 1936 procedere*

321 1958 581 2014 contra
613 1935 990 2008 nonnullos
1019 1933 1292 2007 nobiles
1311 1986 1334 2020 ‚
1381 1932 1459 2004 in
1497 1954 1802 2041 quorum
1832 1954 2125 2007 numero
2160 1937 2369 2010 etiam
2402 1933 2503 2010 est
2538 1935 2740 2031 Beje-

326 2055 446 2108 ma
465 2083 490 2118 ‚
528 2031 608 2108 &
630 2027 944 2105 ‘Garama
961 2080 986 2117 ,
1061 2050 1149 2102 ac
1175 2028 1322 2123 Jam
1361 2026 1484 2100 sub
1511 2027 1766 2102 incude
1796 2025 1934 2104 effe
1972 2027 2233 2104 dicitur
2262 2029 2597 2105 sententia
2614 2032 2739 2106 ad·-

323 2125 572 2204 versus
626 2123 696 2198 E
815 2124 1166 2200 ondanum
1216 2145 1302 2198 ac
1337 2119 1816 2198 Horuensem:
1866 2143 2284 2221 quamquam
2319 2125 2617 2201 arbitrer
2648 2127 2740 2202 de

325 2220 498 2322 ipsss
568 2217 662 2294 111
769 2218 900 2293 riss'.
955 2217 1230 2292 Ducem
1289 2219 1380 2292 ad
1435 2217 1707 2314 Regem
1760 2239 1967 2294 autea
2014 2217 2151 2293 scri
2204 2241 2459 2294 turum.
2561 2220 2739 2296 Dux

327 2315 570 2396 autem
623 2338 768 2390 non
818 2314 978 2390 satio
1026 2313 1262 2406 firma,
1309 2316 1822 2412 commodaque
1876 2315 2115 2389 valeta
2168 2317 2281 2390 ine
2322 2315 2609 2407 fruitur,
2658 2337 2741 2392 ut

327 2415 729 2512 plerunque
775 2429 1154 2486 metuamus
1180 2461 1205 2494 ,
1255 2433 1346 2486 ne
1383 2407 1433 2484 fi
1465 2412 1570 2484 illi
1602 2409 1889 2485 forsitan
1928 2411 2195 2507 aliquid
2234 2415 2544 2498 accidat,
2592 2436 2739 2491 mae

331 2507 604 2584 ‘oribus
637 2507 860 2582 turbis
952 2507 1369 2604 ericulisque
1401 2506 1862 2604 implicemur.
1958 2506 2155 2582 Beue
2190 2510 2351 2582 vale
2374 2559 2399 2594 ,
2452 2507 2609 2581 CL.
2630 2507 2735 2581 D:

429 2623 802 2682 ornus.
917 2603 1224 2678 ruxellae.
1275 2602 1503 2700 pridie
1541 2601 1694 2678 Cal.
1743 2601 1952 2700 Junii.
1988 2625 2129 2678 cm
2182 2625 2273 2678 ω
2320 2623 2636 2680 varu.
2718 2683 2731 2712 -.

740 2823 1760 2921 EPISTOLA
1871 2825 2321 2938 LXILJ

328 3049 478 3143 De
539 3051 950 3166 nepotibus
965 3053 1156 3168 suis
1193 3057 1280 3142 in
1320 3049 1440 3140 Η
1428 3052 1820 3170 {spaniam
1856 3059 1971 3142 mi
2022 3083 2111 3143 ts.
2231 3049 2503 3140 Taedet
2537 3081 2729 3144 eum

445 3172 829 3276 temporis
845 3226 874 3266 ,
930 3163 1631 3281 criminaliumque
1665 3189 1921 3283 proce
1976 3193 2167 3253 uum
2184 3226 2215 3271 ,
2269 3189 2465 3282 quos
2518 3167 2739 3258 Dux

353 3378 364 3387 ,
446 3273 850 3363 accelerat
891 3335 922 3378 ,
979 3296 1072 3364 ut
1123 3279 1237 3364 ad
1280 3277 1524 3380 castra
1560 3341 1590 3382 ‚
1643 3305 1820 3394 quae
1866 3287 1951 3368 in
2002 3277 2257 3388 Frffia
2266 3337 2297 3384 ‚
2344 3279 2743 3485 prqficssi

441 3407 719 3503 queat.
839 3385 987 3476 De
1023 3383 1402 3503 Janfi’nii
1451 3389 1721 3478 Gand.
1777 3389 2167 3508 Episcopi
2202 3400 2531 3508 negotio.
2679 3423 2731 3486 ι,

433 3497 662 3617 glius
712 3497 1308 3611 beneficentiam
1385 3499 1736 3620 Regiam
1791 3531 1943 3590 non
1979 3504 2123 3619 sui
2137 3567 2163 3611 ,
2196 3507 2361 3615 sed
2398 3504 2738 3617 Collegit·

437 3643 496 3700 a
531 3611 636 3728 Je
691 3609 1050 3700 Lovam'i
1101 3611 1430 3722 instituti
1495 3614 1728 3732 calfit
1748 3679 1776 3720 ,
1847 3624 2211 3734 expetiit.
2336 3613 2739 3730 Queritun

441 3721 867 3839 mffonem
903 3724 1068 3836 fibi
1119 3733 1404 3845 negari
1449 3727 1554 3818 ab
1639 3725 1984 3820 Albano.
2102 3727 2471 3817 me
2553 3755 2741 3819 SER-

443 3865 615 3929 νινε
667 3865 1179 3930 PERPETUUS
1225 3869 1577 3933 Aemus.
1706 3840 2307 3932 Gubernator-es
2334 3837 2735 3954 ll‘linistris

440 3947 720 4070 Regiis
749 3971 1095 4052 utuntur
1109 4015 1142 4066 ‚
1194 3955 1454 4053 veluti
1485 3959 1710 4071 eqm‘s
1749 3961 2211 4073 meritoriis.
2296 3953 2448 4054 De
2492 3955 2734 4048 Conc.

1391 4181 1692 4282 Ppp3
2396 4189 2403 4196 ’
