3700 4884
948 362 1115 450 730
1170 330 1637 435 VIGLII
1712 356 1842 423 AB
1913 328 2433 427 AYTTA
2501 288 3232 433 ZUICHEMI

942 532 1413 632 pensationem
1466 532 1741 607 decimi.
1774 533 2041 605 denarii
2100 526 2469 628 praefraete
2524 528 2838 604 reeusarit
2877 586 2902 621 ‚
2968 538 3133 607 dum
3177 532 3353 609 Rex

938 633 1391 715 abolitionem
1436 630 1578 725 ejus
1630 628 2022 702 concedere
2071 632 2338 715 tardat,
2391 628 2466 699 «Sc
2515 626 2920 703 consensum
2970 632 3181 725 super
3241 632 3350 706 se-

948 731 1175 801 cunda
1222 725 1587 801 centesima
1638 724 2012 820 disputant.
2063 724 2254 818 (41)
2345 722 2672 819 Cumque
2703 724 2871 819 ipfis
2929 730 3350 824 objiciamus

942 822 1193 919 Regiae
1252 822 1636 917 Majestatis
1688 820 2083 917 responsum
2131 821 2424 915 Legatis·
2469 841 2708 893 eorum
2743 824 2814 892 in
2847 820 3184 917 Hispania
3219 828 3351 899 da-

910 939 1088 1005 -turn
1116 974 1135 1007 ,
1186 932 1471 1015 negant·
1491 918 1562 992 se
1608 919 1681 991 id
1750 939 1973 991 ratum
2035 912 2387 1001 habuisse,
2436 936 2555 989 aut
2587 920 2761 989 citra
2791 924 3195 995 mandatum
3235 944 3348 994 ra-

939 1038 1087 1087 tum
1130 1016 1382 1089 habere
1426 1011 1743 1110 potuisse.
1848 1012 2122 1087 Interea
2171 1031 2399 1085 autem
2439 1014 2688 1101 milites
2721 1016 3028 1111 undique
3075 1013 3164 1087 sti
3219 1038 3349 1089 en-

938 1112 1054 1185 dia
1084 1113 1407 1207 exigunt,
1458 1135 1618 1209 quae
1677 1113 1843 1184 dum
1889 1132 2032 1182 non
2065 1109 2464 1215 praebentur
2487 1164 2508 1196 ,
2561 1110 2636 1184 &
2667 1116 3016 1207 populum
3057 1114 3148 1183 m'
3187 1134 3341 1183 era·

938 1206 1172 1281 biliter
1204 1212 1653 1291 concutiunt,
1703 1206 1779 1283 &
1816 1209 2082 1281 animos
2115 1209 2259 1301 ejus
2294 1204 2335 1277 a
2369 1205 2575 1278 nobis
2611 1228 2958 1281 avertunt.
3059 1209 3372 1283 Adhaec·

902 1305 1109 1399 ¹dum
1170 1307 1375 1379 toties
1422 1305 1464 1377 a
1520 1304 1723 1378 vobis
1759 1300 2082 1397 promiss‘a
2124 1302 2427 1375 remedia
2515 1305 2934 1391 rotelantur,
2983 1325 3070 1379 ac
3103 1327 3337 1379 novus

942 1398 1399 1475 Gubernator
1452 1394 1977 1497 praedecefforis
2037 1398 2338 1492 vestigiis
2380 1396 2450 1469 in
2481 1394 2680 1471 istere
2715 1402 2994 1495 cogitu'r
3016 1451 3041 1488 ,
3091 1425 3341 1497 quam·

939 1494 1062 1568 diu
1119 1497 1303 1569 aliud
1356 1496 1447 1571 ab
1500 1492 1700 1591 Rege
1742 1496 2140 1567 mandatum
2170 1516 2310 1567 non
2348 1490 2600 1583 habet,
2653 1494 2738 1566 ad
2776 1496 3338 1592 desperationem

934 1615 1119 1687 pene
1180 1594 1564 1687 adigimur,
1619 1589 1696 1665 ἀ
1711 1591 2042 1688 „arbitror
2094 1588 2855 1665 Gubernatorem-non
2915 1596 3140 1667 celare
3191 1592 3336 1683 Re-

906 1690 1122 1783 ·giam
1158 1686 1588 1783 Majestatem
1609 1741 1629 1775 ,
1680 1690 1954 1783 quantis
1986 1685 2055 1760 se
2089 1684 2415 1781 angustiis
2449 1686 3176 1785 perplexitatibusque
3201 1686 3334 1767 sub·

934 1787 1104 1859 novi
1156 1785 1509 1880 regiminis
1554 1785 1829 1857 initium
1883 1784 2275 1856 involutum
2326 1782 2718 1875 comperiat
2752 1833 2779 1869 ‚
2843 1784 2920 1859 &
2953 1784 3101 1880 jam
3137 1806 3334 1871 certe

933 1880 1141 1954 vobis
1172 1880 1785 1975 expergiscendum
1828 1880 2143 1961 videtur,
2195 1875 2246 1949 fi
2294 1898 2424 1949 nos
2453 1876 2676 1951 salvos
2714 1880 2928 1953 vultis
2951 1934 2974 1969 ,
3025 1905 3334 1976 quorum

921 1977 1139 2049 'ruina
1190 1978 1425 2051 videte
1482 1998 1571 2049 ne
1623 1976 1699 2053 &
1728 1996 1860 2049 vos
1896 1974 2034 2049 una
2063 1975 2384 2049 attrahat.
2479 1971 2802 2069 Ignosces
2845 1995 3078 2051 autem
3113 1978 3329 2063 mihi,

934 2073 1033 2144 mi
1088 2070 1539 2147 Hoprnun
1579 2121 1633 2165 ,a
1668 2070 1719 2145 fi
1764 2072 2064 2167 posthac
2115 2070 2336 2143 rarius
2377 2119 2400 2153 ,
2466 2068 2882 2167 breviusque
2937 2071 3282 2169 scripsero
3304 2123 3327 2160 ,

928 2166 1093 2242 cum
1138 2166 1213 2240 &
1272 2169 1601 2243 valetudo
1648 2192 1757 2241 me
1812 2166 2008 2243 domi
2056 2184 2404 2263 perpetuo
2437 2163 2854 2245 defidefitem
2887 2170 2977 2243 ab
3013 2172 3329 2267 negociis

873 2263 1239 2363 ,publicis
1273 2264 1625 2363 segregat,
1674 2262 1751 2337 ἀ
1800 2264 2126 2361 pristinus
2157 2264 2364 2356 vigor
2400 2262 2608 2331 animi
2647 2262 2903 2337 deficit.
2953 2262 3327 2357 Quamob-

926 2383 1077 2433 rem
1132 2358 1331 2457 Yaepe
1406 2363 1691 2455 rogavi,
1740 2382 1825 2436 ut.
1870 2358 2280 2454 tempestive
2396 2358 2720 2459 rovidere
2762 2360 2966 2434 isthic
2996 2364 3326 2449 velletis,

927 2480 1078 2550 quo
1127 2458 1272 2553 jam
1326 2460 1497 2531 mihi
1532 2458 1655 2531 ilia
1684 2457 2029 2543 trahenti,
2079 2456 2252 2529 alios
2281 2474 2320 2526 a
2373 2453 2513 2527 huc
2548 2456 2832 2549 integris
2857 2456 3136 2533 ,viribus
3165 2458 3326 2533 fixb·

834 2604 841 2610 -
932 2554 1328 2627 stitueretis.

1027 2646 1241 2731 Frifia
1278 2646 1509 2721 nostra
1542 2644 1772 2721 rursus
1817 2644 2046 2723 mense
2093 2646 2426 2741 Januario
2458 2644 2493 2741 (
2533 2646 2831 2741 excepta
2871 2645 3134 2746 Bilda)
3171 2669 3320 2725 tota

926 2744 1261 2819 inundata
1293 2740 1463 2831 fuit,
1512 2746 1825 2840 adeoque
1867 2742 2204 2819 confraffi
2249 2743 2407 2817 sunt
2463 2752 2787 2839 aggeres»,
2835 2745 3325 2842 depauperati-

928 2862 1068 2933 que
1104 2843 1385 2926 coloni,
1435 2862 1512 2912 ut
1542 2842 1747 2915 rebus
1791 2844 2002 2915 etiam
2035 2838 2300 2935 pacatis
2334 2836 2697 2913 difficulter
2731 2840 2808 2914 in
2841 2842 3200 2938 integrum
3214 2868 3324 2918 re-·

926 2936 1114 3009 stitui
1144 2934 1338 3034 poffe
1370 2934 1754 3011 videantur.

1028 3030 1241 3108 Petro
1302 3032 1639 3129 Buygirio
1696 3052 1896 3105 natus
1939 3031 2192 3105 iterum
2236 3030 2369 3105 fuit
2425 3030 2680 3105 filiolus
2700 3085 2722 3119 ,
2773 3032 2887 3109 cui
2920 3032 3319 3109 Gerbrandi

928 3127 1158 3203 fratris
1195 3132 1333 3203 mei
1369 3152 1620 3204 nomen
1666 3127 1960 3212 indidit,
2011 3128 2087 3201 δι
2116 3127 2429 3202 Bauckia
2460 3150 2747 3223 quoque
2778 3127 3059 3206 sobrina
3088 3152 3208 3204 tua
3241 3130 3314 3202 fi·

924 3227 1162 3299 liolam
1197 3227 1398 3299 enixa
1432 3226 1529 3297 est
1546 3276 1568 3309 ,
1618 3246 1776 3321 quae
1806 3224 2054 3318 paucis
2088 3223 2334 3297 diebus
2369 3222 2763 3319 supervixit.
2865 3224 3011 3300 Sed
3045 3224 3316 3301 Hector

920 3318 1113 3416 spem
1162 3320 1359 3393 nobis
1412 3320 1667 3394 bonam
1716 3320 1925 3402 facit,
1968 3318 2041 3392 se
2091 3318 2418 3397 damnum
2452 3322 2595 3395 hoc
2628 3321 2828 3397 brevi
2855 3318 3311 3414 resarturum,

923 3417 1085 3493 cum
1117 3416 1300 3489 viam
1330 3412 1537 3489 semel
1572 3416 1940 3509 aperuerit.
2711 3416 2742 3425 “

1025 3510 1591 3587 Gubernatorem
1621 3513 1821 3586 brevi
1857 3510 1944 3583 ad
1981 3533 2115 3585 nos
2149 3512 2530 3587 rediturum
2559 3512 2946 3610 speramuS,
2995 3514 3070 3591 id
3117 3514 3301 3609 quod

921 3613 1128 3685 multi
1160 3610 1473 3707 quotidie
1512 3605 1926 3703 efflagitant,
1976 3610 2140 3681 dum
2189 3606 2752 3684 monasteriorum
2785 3610 3298 3703 officiorumque

908 3708 1385 3815 pomplurium
1422 3706 1819 3780 vacantium
1857 3702 2242 3797 proviiioni
2275 3706 2604 3781 haftenus
2633 3708 2738 3779 illi
2767 3728 3019 3784 vacare
3047 3728 3188 3779 non
3217 3706 3298 3779 li-

920 3806 1164 3887 cuerit.
1268 3802 1457 3875 Bene
1504 3800 1696 3884 vale,
1748 3796 1826 3873 H
1850 3822 1894 3871 o
1916 3818 1956 3869 ι’
1979 3820 2018 3869 Ρ
2041 3822 2082 3869 1·:
2104 3820 2148 3869 a
2176 3824 2217 3873 ε
2267 3800 2422 3873 CL.
2478 3825 2559 3875 ac
2609 3800 2936 3883 familiam
2979 3822 3168 3880 tuam
3199 3824 3301 3880 πει

914 3910 1029 3974 'me
1062 3898 1299 3973 saluta.
1400 3896 1764 3975 Bruxellae.
1815 3916 1930 3969 xv.
1982 3894 2188 3971 Febr.
2238 3916 2372 3971 cto
2425 3918 2506 3971 m
2556 3918 2804 3979 Lxxux.
3191 3992 3307 4073 Ad

992 4186 1032 4278 ι(
1044 4183 1171 4276 41)
1214 4177 1398 4253 Vide
1438 4180 2031 4257 commentarium
2067 4182 2297 4273 Viglii.
