3700 4884
418 324 1103 444 EPISTOLAE
1162 341 1347 442 Ao
1374 324 1809 497 JoAcHL
1838 342 2559 443 HOPPERUM.
2623 322 2786 463 '77³
2833 288 2840 297 ’

342 544 654 643 eupatis
754 544 1239 647 raebendarum
1289 540 1561 619 suarum
1614 545 1821 619 bonis
1861 598 1886 633 ,
1953 542 2144 645 aegre
2207 542 2344 620 sese
2395 542 2784 639 amicosque

338 638 535 739 (qui
569 662 663 715 ex
696 568 909 738 {laga
946 644 1246 716 Comitis
1292 639 1387 715 ad
1434 664 1554 714 eos
1598 640 1673 715 T
1673 640 2004 737 rajeE'tum
2035 636 2458 813 confuffiere,
2498 642 2785 736 jamque

394 761 545 813 ene
584 736 702 811 ses
740 739 1067 812 uiannum
1116 761 1157 811 e
1226 738 1440 811 domo
1490 735 1607 813 sua
1664 760 1831 812 cum
1863 738 2124 812 familia
2146 791 2171 826 ‚
2219 741 2272 813 li
2321 734 2581 833 erisque
2615 761 2784 811 exu-

752 836 767 847 ’
824 860 941 909 ere
976 831 1275 930 poflEnt.
1374 831 1486 908 Ita
1514 834 1825 931 undique
1857 833 2190 931 angustiat
2229 858 2358 909 nos
2398 834 2736 909 cruciant.

351 933 361 943 '
442 928 575 1003 De
620 928 951 1006 Martena
1000 930 1149 1026 (4)
1195 927 1399 1003 falsus
1447 929 1581 1005 fuit
1614 954 1894 1020 rumor,
1943 952 2026 1005 ac
2065 933 2125 1007 is
2160 953 2321 1004 cum
2359 932 2627 1026 aliquot
2660 952 2780 1003 na·

332 1024 575 1101 vibus
610 1026 977 1122 piraticam
1009 1046 1283 1102 exercet
1304 1076 1331 1113 ,
1361 1026 1795 1125 patriamque
1835 1026 2133 1102 nostram
2164 1027 2525 1124 inquietat.

392 1220 415 1236 ο
443 1120 947 1237 Qonfefforem
974 1120 1345 1194 Paulinum
1380 1126 1519 1199 huc
1554 1123 1896 1212 evocavi,
1946 1121 2307 1235 confidens·
2333 1144 2465 1197 vos
2497 1120 2659 1232 inde
2693 1122 2784 1216 de

331 1216 1239 1425 33222053213533352
1280 1214 1540 1399 εἷῖἷῗιῗ,
1560 1214 2780 1409 35¹52”?2‘i.52„q35¹3·1321552⁰333553

331 1408 487 1485 fib1
538 1407 860 1486 relictum
892 1412 1036 1497 ait,
1084 1432 1247 1485 cum
1294 1432 1535 1484 omnes
1576 1432 1970 1507 proventus
2033 1414 2172 1485 alid
2225 1412 2677 1513 divertamur.

446 1506 582 1582 De
615 1506 1075 1583 commistione
1107 1502 1421 1582 absoluta
1452 1504 1765 1602 praefidis
1787 1506 2254 1603 Burgundiae,
2289 1505 2628 1602 dignitate
2681 1526 2786 1579 ue.

338 1600 701 1703 equestris
731 1604 994 1677 ordinis
1013 1654 1035 1689 ‚
1080 1624 1262 1713 rogo
1285 1626 1369 1677 ut
1403 1602 1499 1676 D.
1535 1602 1626 1680 V.
1666 1624 1856 1679 curae
1885 1605 2140 1679 habere
2177 1604 2349 1677 velit
2377 1628 2402 1686 3
2449 1599 2614 1675 cum
2706 1628 2774 1676 e-

364 834 559 931 ant)
610 835 687 907 su

396 1702 495 1772 'ae
530 1689 905 1799 Maiestatis
930 1698 1217 1775 servitio
1254 1698 1669 1790 conveniat,
1706 1722 1795 1773 ne
1823 1702 1897 1773 in
1923 1704 2213 1797 longum
2245 1720 2327 1771 ea
2359 1720 2472 1772 res
2501 1719 2773 1795 protra·
2899 1722 2925 1742 “-

398 1816 590 1873 atur.
688 1795 1015 1871 Arbitror
1036 1816 1264 1870 autem
1297 1796 1431 1893 iam
1460 1798 1965 1873 ordinationem
1987 1850 2010 1891 ,
2059 1816 2591 1891 ceterorumque
2612 1818 2774 1892 quae

338 1892 447 1967 ad
486 1892 1023 1985 Burgundicum
1063 1893 1422 1987 negotium
1456 1896 1811 1989 pertinent
1835 1945 1861 1981 ‚
1907 1894 2150 1989 copias
2193 1912 2324 1988 per
2359 1888 2636 1965 Ducem
2683 1890 2774 1964 ad

336 2010 493 2064 voe
530 1984 937 2063 transmiss'as
984 1984 1119 2063 ess'e
1140 2044 1162 2077 ‚
1210 1986 1373 2061 cum
1410 2010 1545 2083 ego
1594 2008 1757 2063 ante
1796 1992 2054 2063 multos
2091 1988 2240 2063 dies
2291 1982 2472 2083 (ad)
2519 1986 2775 2063 Excei-
2879 2016 2888 2027 ·

348 2084 657 2158 lentiam
707 2080 895 2157 suam
953 2106 1066 2158 eas
1124 2082 1440 2158 miserim.

348 2275 857 2350 Financiarum
884 2272 1073 2351 fores
1114 2274 1361 2373 pulsat.
1412 2274 1753 2351 Veremur
1797 2300 2032 2353 autem
2051 2327 2074 2363 ,
2125 2296 2216 2349 ne
2261 2273 2436 2349 Dux
2472 2277 2612 2350 huc
2647 2278 2768 2373 ad-

343 2373 656 2448 veniens
711 2394 855 2445 non
890 2373 1049 2447 satis
1094 2394 1381 2473 quoque
1431 2372 1497 2448 ei
1538 2371 1915 2471 providere
1955 2392 2166 2471 queat
2181 2422 2207 2459 ,
2267 2372 2349 2447 δι
2393 2373 2466 2447 in
2512 2369 2784 2461 succes·-

348 2466 593 2546 sorem
647 2470 880 2543 omnia
911 2469 1177 2564 rejiciat
1197 2522 1220 2555 ,
1270 2470 1428 2566 qui,
1483 2467 1606 2543 nisi
1643 2470 1920 2545 aliunde
1953 2464 2452 2567 prospiciatur,
2501 2469 2774 2547 necem-

348 2564 633 2641 tatibus
680 2586 820 2641 tam
856 2568 1091 2643 multis
1124 2564 1492 2641 difficulter
1526 2564 1880 2642 consulere
1969 2568 2202 2640 oterit.
2297 2564 2776 2641 Admonenda

350 2682 606 2737 autem
658 2660 977 2757 Majestas
1022 2661 1145 2738 sua
1189 2666 1323 2737 erit
1351 2714 1375 2747 ‚
1440 2686 1527 2739 ne
1578 2684 1841 2739 novum
1975 2660 2459 2737 ubernatorem
2515 2659 2768 2760 absque
2807 2726 2817 2731 -

354 2755 745 2833 necessario
776 2760 1120 2856 adjutorio
1157 2760 1501 2856 relinquat
1518 2810 1543 2848 ,
1594 2780 1677 2833 ac
1708 2761 1795 2833 de
1830 2756 2122 2859 praefide
2154 2755 2575 2853 tempestive
2602 2780 2769 2853 pro·

358 2854 647 2944 videat,
699 2852 860 2929 cum
910 2858 1027 2933 ille
1064 2879 1145 2929 os
1173 2856 1596 2953 dexteraque
1631 2852 1847 2954 ipfius
1886 2852 2015 2930 effe
2053 2854 2324 2930 debeat.
2425 2852 2523 2925 Et
2559 2873 2780 2947 expee

363 2950 612 3026 diebat
646 2948 967 3047 profecto
997 2952 1088 3025 ad
1122 2952 1298 3027 illud
1334 2952 1777 3031 ministerium
1818 2952 2116 3047 aliquem
2145 2950 2287 3045 Jam
2321 2948 2588 3021 dudum
2609 2946 2770 3020 fuis-

359 3044 435 3121 se
468 3070 871 3215 prffmotum
889 3100 914 3139 ,
964 3071 1053 3123 ne
1092 3051 1401 3127 novitius
1431 3048 1621 3151 apud
1659 3068 1924 3122 novum
1957 3044 2530 3119 Gubernatorem
2555 3044 2772 3119 omni·

362 3165 466 3217 no
505 3167 543 3217 e
600 3164 722 3221 ete·

390 3294 398 3301 .
470 3238 699 3327 Quod
731 3242 997 3329 ad‘me,
1042 3236 1526 3327 Horr'unn,
1572 3240 1910 3335 pertinet,
1955 3240 2099 3335 jam
2131 3254 2338 3312 antea
2383 3234 2542 3311 satis
2593 3236 2772 3311 indi·

365 3338 572 3423 cavi,
620 3334 829 3431 quam
890 3334 1015 3409 fim
1064 3336 1371 3413 caducus
1390 3386 1417 3425 ‚
1478 3331 2076 3431 sedentariusque,
2124 3354 2206 3407 ut
2235 3333 2361 3407 vix
2389 3356 2502 3407 me
2532 3334 2766 3424 domi,

260 3488 271 3495 .
370 3450 587 3532 atque
632 3432 820 3527 apud
862 3430 1105 3509 focum
1136 3430 1380 3507 fovere
1436 3454 1716 3528 queam:
1770 3454 1851 3503 ac
1887 3432 2146 3503 utinam
2167 3482 2192 3517 ,
2243 3450 2576 3533 quantum
2643 3453 2778 3527 op·

364 3544 588 3603 tarem
642 3551 725 3605 ac
767 3528 927 3603 Rex
962 3526 1303 3627 postulat,
1352 3551 1643 3627 operam
1691 3548 1886 3609 novo
1933 3524 2411 3603 Gubernatori
2451 3527 2773 3622 praestare

368 3623 667 3739 poffem!
720 3622 941 3795 qupe
997 3626 1116 3700 vel
1164 3628 1458 3704 maxime
1510 3651 1619 3701 me
1666 3623 2013 3701 solicitum
2059 3626 2316 3708 habet,
2366 3644 2507 3731 quo
2559 3616 2772 3717 pasto

374 3718 587 3817 ipsius
624 3745 805 3819 expe
880 3722 1135 3813 adoni,
1162 3746 1366 3818 quam
1396 3722 1595 3797 isthic
1625 3720 1729 3794 illi
1764 3722 2062 3807 fecistis,
2109 3718 2536 3793 satisfaciam.
2645 3750 2652 3757 ·
2747 3752 2758 3764 ·

470 3816 690 3911 Quod
728 3820 831 3894 ad·
871 3822 1015 3917 ejus
1068 3840 1296 3895 autem
1348 3818 1765 3915 stipendium
1816 3819 2170 3913 pertinet,
2219 3835 2398 3911 puto
2445 3836 2558 3887 me
2605 3812 2774 3886 olim

372 3911 641 4009 aliquid
690 3916 779 3988 ad
830 3914 929 3989 D.
980 3912 1075 4009 V,
1114 3914 1394 4002 mifisse,
1448 3918 1525 3991 &
1582 3916 1815 3987 denuo
1868 3908 2054 3987 hisce
2101 3912 2296 3985 'unxi
2348 3910 2418 3983 id
2449 3906 2644 4007 quod
2685 3911 2776 3981 ab

372 4006 717 4106 quaestore
779 4009 1027 4086 rescire
1101 4015 1331 4111 potui.
1455 4010 1601 4084 Sed
1658 4012 1731 4081 in
1780 4030 1870 4081 eo
1917 4009 2072 4103 poti
2122 4029 2258 4081 ima
2307 4008 2440 4087 erit
2489 4004 2784 4081 difficul-

1224 4140 1245 4159 ⁰
2635 4120 2738 4177 tas
2751 4148 2780 4193 ῃ

454 4196 587 4289 (4)
628 4196 959 4285 Martem)
1000 4200 1253 4273 Ducko
1298 4202 1339 4271 a
1374 4203 1470 4273 V.
1506 4200 1723 4286 Epist.
1770 4216 2092 4269 ccvmm

457 2178 808 2255 Blaserius
849 2202 1081 2255 autem
1118 2180 1350 2254 adhuc
1386 2180 1509 2255 hic
1554 2180 1777 2258 haeret
1796 2232 1819 2268 ‚
1870 2180 2034 2255 dum
2065 2178 2151 2255 de
2202 2179 2466 2255 viatico
2513 2138 2778 2255 frustra·
2922 2196 2926 2201 ·
