3700 4884
3237 197 3275 237 l

897 351 1646 490 .432·V1G'L11
1699 393 1838 460 An
1896 363 2417 462 AYTTA
2470 351 3225 458 zmeHEffl

1123 601 2280 702 ·E1213T01.A
2388 538 2978 706 xxxvi.

3022 811 3095 826 *-

917 853 1136 944 Dux
1189 849 1560 943 Albanus
1623 851 2001 941 Genuam
2057 849 2443 968 appulsus
2496 879 2674 940 cum
2758 857 3007 968 copiis
3041 913 3069 955 ‚
3152 876 3325 968 qua

1025 975 1267 1055 intem
1329 965 1562 1074 6βὲυὲ
1614 968 2169 1068 adducuntur,
2223 973 2305 1054 m‘
2336 997 2364 1052 ι
2418 963 2613 1054 Rex
2648 994 2807 1051 una
2842 963 3066 1072 adsit.
3194 964 3279 1052 T
3266 973 3321 1054 i-

1027 1101 1198 1169 met
1362 1078 1600 1194 iglius
1675 1108 1773 1166 ne
1822 1069 2186 1191 Ducg'ffae
2248 1108 2347 1166 ac
2404 1078 2672 1166 Ducis
2746 1077 3061 1186 consilia
3116 1075 3325 1191 satis

1028 1199 1518 1280 conveniant.
1595 1190 1742 1280 De
1783 1188 2286 1279 Mat-chionis
2322 1188 2740 1308 Bergenfis
2774 1188 3009 1277 obitu.
3068 1190 3325 1282 Ναίν-

998 1313 1410 1392 »εανηπὶιηη
1461 1333 1756 1418 genero
1793 1332 1837 1390 e
1892 1305 2382 1390 commendat
2476 1333 2571 1392 ro
2632 1301 3085 1390 Harmonice
3126 1325 3328 1418 prae-
3414 1381 3429 1386 -

1003 1417 1362 1531 sedura.
1477 1415 1623 1523 Dc?
1735 1413 2319 1507 alencenatibus
2346 1325 2847 1534 fflpplicium
2879 1414 3331 1530 sumptum.

915 1625 1170 1793 Initio
1213 1623 1418 1722 hujus
1451 1623 1737 1712 mensis,
1790 1625 1947 1701 CL.
1996 1625 2096 1700 D.
2144 1625 2635 1712 Hormina,
2684 1625 3186 1710 intelleximus,
3234 1623 3328 1699 Il·

909 1758 918 1764 ·
1042 1723 1494 1796 lustriffimum
1543 1722 1641 1796 D.
1693 1721 1971 1799 Ducem
2018 1721 2370 1796 Albanum
2422 1723 2746 1796 Genuam
2804 1741 2844 1791 a
2901 1717 3185 1815 punire,
3248 1743 3332 1795 ac

977 1821 1134 1892 aulo
1171 1817 1329 1914 post
1371 1818 1458 1890 ab
1495 1815 1792 1914 ipsomet
1811 1823 2037 1893 literae
2064 1819 2288 1892 allatae
2312 1817 2499 1906 sunt,
2576 1819 2781 1891 uibus
2894 1813 3171 1888 ucifl'am
3209 1841 3333 1890 no-

913 1841 1126 1990 Rram
1159 1915 1526 1988 certiorem
1562 1914 1730 1991 facit
1765 1918 1855 1990 de
1906 1916 1991 1987 iis
2024 1916 2247 2010 copiis
2270 1966 2294 2002 ,
2328 1939 2503 2010 quas
2561 1937 2759 1988 ecum
2802 1914 2941 1985 huc
2976 1913 3323 1987 adducere

753 2093 763 2104 .
915 2009 1152 2084 statuit
1177 2009 1399 2104 Quod
1421 2060 1447 2098 ,
1483 2031 1566 2084 ut
1591 2033 1838 2084 verum
1874 2011 2139 2096 dicam,
2178 2009 2393 2105 ipsam
2430 2013 2721 2084 multum
2738 2007 3143 2106 perplexam
3177 2012 3329 2085 red-

917 2105 1102 2181 didit
1123 2159 1144 2192 ,
1179 2107 1551 2202 multisque
1587 2106 1941 2204 displicet,
1970 2107 2161 2202 quod
2204 2128 2309 2180 tot
2341 2105 2693 2201 Hispanos
2728 2103 3031 2198 aliosque
3052 2125 3333 2179 exteros

918 2205 1170 2279 milites
1199 2223 1386 2276 nunc
1413 2203 1666 2277 adduci
1699 2205 2138 2296 intelligunt,
2188 2203 2315 2278 ubi
2349 2226 2530 2298 pene
2556 2201 2789 2276 omnia
2820 2223 2975 2273 com
3032 2197 3200 2273 ofita
3228 2203 3332 2274 vi·

919 2301 1202 2372 dentur.
1254 2297 1352 2372 Et
1380 2323 1669 2386 vereor,
1699 2301 1803 2372 uti
1841 2299 2051 2372 etiam
2098 2319 2302 2372 autea
2338 2301 2427 2372 ad
2480 2297 2575 2370 D.
2628 2297 2725 2368 T.
2775 2295 2955 2389 scrip
2990 2319 3053 2376 1,
3108 2321 3194 2370 ne
3226 2321 3333 2372 res

863 2409 872 2416 ’
920 2417 1066 2468 non
1107 2392 1191 2467 fit
1227 2395 1525 2467 caritura
1555 2397 1798 2490 aliquo
1849 2397 2167 2489 periculo
2208 2445 2230 2479 ,
2278 2391 2399 2466 nifi
2436 2394 2561 2466 sub
2615 2394 2799 2466 idem
2848 2413 3121 2486 tempus
3172 2391 3337 2468 Rex

915 2491 1250 2562 adveniat
1269 2541 1292 2573 ‚
1341 2489 1417 2562 ὅτ.
1449 2493 1874 2562 authoritate
1908 2488 2025 2562 sua
2056 2488 2214 2561 cum
2250 2511 2647 2563 exterorum
2674 2487 3106 2561 insolentiam
3136 2511 3327 2561 com-

918 2582 1157 2680 pescat
1191 2633 1212 2668 ,
1277 2603 1423 2655 tum
1469 2607 1576 2656 res
1629 2587 1889 2658 nostras
1938 2583 2345 2660 domesticas
2388 2586 2768 2660 securiores
2822 2583 3089 2658 reddat.
3204 2585 3329 2657 At·

915 2701 1060 2772 que
1097 2679 1360 2847 absgue
1395 2677 1604 2773 ipsius
1641 2679 1999 2777 praesentia
2050 2701 2239 2754 certe
2274 2705 2416 2755 non
2452 2683 2667 2754 video
2698 2681 2959 2775 aliquid
2994 2678 3178 2756 recte
3216 2681 3331 2776 agi

919 2772 1159 2868 poss'e,
1337 2795 1462 2846 nos
1485 2823 1509 2861 ,
1557 2781 1680 2869 qui
1715 2781 1852 2850 hoc
1889 2799 2073 2850 anno
2110 2779 2327 2850 multa
2360 2777 2523 2873 pafli
2568 2777 2797 2850 sumus
2848 2799 3141 2874 propter
3176 2777 3331 2849 Ma·

927 2873 944 2888 '
991 2869 1178 2942 statis
1203 2868 1343 2944 suae
1369 2869 1726 2946 servitium
1745 2927 1765 2958 ‚
1791 2895 1978 2945 nova
2014 2872 2453 2968 implicamur
2473 2870 2931 2947 sollicitudine
2954 2923 2974 2956 ‚
3012 2875 3182 2946 dum
3211 2876 3337 2947 du·

979 2964 1228 3040 itamus
1262 3021 1283 3054 ,
1337 2967 1660 3062 quorsum
1707 2969 2067 3041 hominum
2120 2971 2519 3044 voluntates
2582 2969 2915 3055 exibunt3
2962 2969 3103 3042 hoc
3150 2991 3341 3044 certe

925 3062 1142 3136 timeo
1173 3113 1200 3150 ,
1269 3085 1358 3138 ne
1409 3085 1552 3136 non
1593 3061 1907 3138 Duciffae
1948 3088 2032 3139 ac
2078 3061 2303 3138 Ducis
2356 3064 2640 3140 confilia
2694 3067 2765 3138 in
2808 3067 3125 3138 omnibus
3173 3063 3337 3138 satis

926 3161 1352 3233 conveniant
1377 3210 1400 3244 ,
1451 3161 1526 3236 δι
1547 3157 2017 3258 periculosum
2042 3163 2173 3237 erit
2208 3165 2489 3238 alteram
2515 3215 2539 3253 ,
2588 3163 2798 3258 quim
2828 3159 3124 3256 sequaris
3149 3211 3173 3249 ,
3210 3163 3342 3235 eli·

925 3272 1094 3348 gere
1135 3273 1408 3348 partem
2834 3325 2842 3332 .

1029 3347 1472 3422 Marchionis
1531 3350 1892 3446 Bergeniis
1940 3353 2219 3428 obitum
2266 3353 2727 3427 intelleximus
2768 3403 2789 3438 ‚
2856 3354 2977 3447 qui
3026 3351 3335 3429 {imiliter

931 3465 1253 3538 magnam
1287 3444 1701 3540 quibusdam
1733 3449 2195 3523 calumniandi
2244 3452 2597 3523 materiam
2642 3449 2915 3545 praebet
2936 3503 2957 3536 ,
3004 3447 3167 3522 cum
3218 3453 3339 3526 ine

933 3537 1206 3635 semper
1238 3541 1427 3636 apud
1467 3561 1708 3616 omnes
1761 3545 1881 3618 hic
1926 3543 2391 3618 instantiffime
2428 3547 2699 3641 egerit,
2746 3547 2893 3642 quo
2947 3547 3343 3622 intercede·

929 3659 1131 3719 rent,
1180 3659 1260 3710 ut
1305 3639 1647 3711 redeundi
1692 3636 1850 3713 Rex
1904 3641 2257 3714 licentiam
2306 3644 2375 3714 ei
2416 3641 2784 3736 praeberet.

1035 3733 1382 3807 Dominus
1423 3733 1505 3805 N
1507 3735 1909 3808 oircarmius
1929 3783 1955 3821 ‚
1999 3737 2119 3829 qui
2143 3735 2439 3810 abstentis
2478 3737 2916 3815 Marchioni's
2950 3740 3115 3813 loco
3136 3736 3339 3812 Han·-

797 3897 806 3920 ,
937 3831 1221 3900 uoniam
1272 3831 1814 3918 administravit,
1858 3834 1935 3904 id
1975 3830 2063 3902 de
2097 3830 2165 3902 se
2200 3830 2547 3924 specimen
2569 3833 2927 3920 exhibuit,
2975 3854 3057 3908 ut
3088 3838 3340 3908 merito

929 3925 1210 3995 caeteris
1241 3927 1314 3996 in
1360 3949 1440 4000 ea
1483 3924 1907 4001 Praefeetura
1944 3925 2261 4021 praeferri
2310 3926 2603 4012 debeat3
2652 3933 2847 4025 quus
2900 3955 3042 4004 non
3086 3931 3345 4006 dubito

937 4013 1215 4112 Regem
1263 4023 1596 4095 rationem
1641 4025 2091 4110 habiturum,
2138 4027 2585 4120 quantumvis
2634 4024 2927 4100 fortaffis
2976 4028 3093 4102 alii
3134 4025 3345 4112 sunt,

939 4114 1068 4210 qui
1107 4115 1386 4208 eulogia
1421 4137 1808 4210 merentur,
1860 4139 2025 4214 erga
2056 4143 2235 4214 quos
2272 4138 2516 4194 tamen
2550 4122 2874 4196 excusare
2910 4123 3071 4200 Rex
3101 4122 3171 4196 se
3204 4145 3339 4219 po-

938 4212 1108 4287 terit
1137 4264 1158 4297 ,
1211 4209 1287 4284 &
1325 4233 1454 4305 per
1505 4211 1935 4288 Noircarmii
1983 4216 2261 4312 egregia
2303 4213 2699 4311 foeliciaque
2744 4215 2925 4296 fasta
2950 4275 2970 4306 ‚
3022 4217 3099 4291 δι
3198 4221 3343 4294 uod

937 4307 1146 4387 alias:
1191 4305 1513 4411 Turpius
1557 4310 1829 4410 ejicitur
1853 4359 1888 4406 ,
1936 4333 2146 4410 quam
2194 4334 2338 4391 uon
2382 4313 2771 4420 admittitur
2820 4313 3096 4418 hospes.
3148 4243 3295 4388 th
3318 4363 3357 4402 ,

2015 4441 2023 4450 ·
2074 4439 2083 4448 ·
3124 4432 3359 4511 quan·-
