3700 4884
817 384 986 494 498
1061 359 1532 472 VIGLII
1587 381 1724 454 Aa
1783 349 2302 455 AYTTA
2355 347 3107 448 ZUICHEMI
3147 381 3177 418 -

743 579 770 588 “
821 562 1086 640 finistre
1125 545 1650 656 interpretatum
1675 609 1696 643 ,
1747 575 1891 626 non
1927 551 2133 648 potui
2170 549 2247 626 δε
2304 573 2439 663 ego
2480 547 2623 640 n'on
2658 549 2979 626 dolenter
3010 549 3252 646 ferre,-

821 659 1202 758 praesertim
1233 677 1392 730 cum
1451 653 1616 724 inde
1665 648 1833 736 fiat,
1884 671 1963 722 ut
2023 649 2101 722 δι
2154 667 2390 722 caeten
2442 643 2804 746 Principes
2832 703 2853 738 ,
2898 652 3025 746 qui
3073 673 3241 747 erga

824 757 1091 853 Regem
1129 775 1268 828 non
1307 752 1484 823 male
1519 744 1751 821 affecti
1787 745 2109 828 fuerunt,
2160 746 2233 816 in
2284 743 2575 817 eandem
2622 743 3027 820 sententiam
3067 745 3241 843 faci·
3270 753 3291 768 ”

823 856 956 926 lius
1013 853 1400 935 inclinent3
1449 847 1618 918 licet
1671 864 1807 938 ego
1860 839 2234 937 suggerere
2294 864 2437 920 non
2482 841 2827 915 omiserim
2847 895 2871 930 ‚
2938 867 3101 938 quae
3147 843 3243 918 ad

823 950 1093 1044 objesta
1124 943 1470 1034 ‘diluenda
1533 937 1762 1012 facere
1815 939 1989 1010 mihi
2041 935 2482 1012 videbantur.
2582 935 2853 1012 Verum
2902 939 3065 1013 cum
3092 945 3247 1038 jam·

823 1047 1100 1140 pridem
1157 1038 1630 1114 Archiducem
1681 1034 2019 1108 Carolum
2065 1029 2674 1106 isthucadveniffe
2724 1036 3193 1132 intelligamus
3214 1091 3239 1127 ,

821 1162 960 1218 vos
979 1194 1002 1226 ‚
1053 1136 1254 1234 spero
1273 1185 1295 1222 ,
1347 1136 1514 1208 huic
1545 1133 1728 1204 malo
1759 1130 2141 1204 remedium
2176 1125 2382 1205 isthic
2412 1129 2881 1204 adhibituros.

922 1235 1038 1308 De
1087 1235 1337 1318 venia,
1409 1230 1770 1326 gratiaque
1821 1228 2130 1322 generali
2176 1222 2352 1298 Dux
2398 1227 2703 1321 aliquam
2762 1227 2954 1324 spem
3002 1223 3239 1302 facere

686 1409 698 1416 ,
825 1333 1028 1405 nobis
1098 1329 1392 1424 incipit,
1462 1347 1715 1419 meque
1767 1327 1915 1418 ejus
1977 1319 2355 1394 formulam
2402 1325 2789 1418 ‘concipere
2848 1319 3054 1410 ‘uffit,
3120 1324 3243 1400 sed

823 1424 1139 1521 Vergafii
1172 1424 1499 1498 severitas
1535 1421 1757 1493 nihilo
1815 1419 1895 1493 fit
1930 1417 2278 1490 remiffior.
2378 1417 2531 1491 Ubi
2566 1443 2739 1494 vero
2772 1443 2811 1493 a
2906 1419 3241 1495 reforma-

825 1527 1088 1597 tionem
1155 1519 1362 1616 Reip.
1463 1516 1748 1598 nostroe,
1801 1537 2009 1611 quam
2076 1513 2248 1586 Dux
2306 1515 2627 1590 meditari
2682 1517 2974 1607 dicitur,
3024 1539 3241 1614 atque

827 1619 916 1692 ad
941 1620 1068 1692 —rei
1107 1617 1504 1692 nummaria:
1533 1609 1830 1684 subsidia
1876 1609 2427 1686 extraordinaria
2462 1615 2823 1700 venietur,
2874 1611 3250 1704 veremur,'

821 1737 912 1788 ne
965 1735 1177 1785 unum
1211 1716 1408 1786 ulcus
1447 1710 1642 1783 alteri
1677 1705 2039 1782 succedat:
2090 1705 2344 1801 quibus
2382 1707 2687 1782 remedia
2720 1707 3094 1792 difficulter
3134 1713 3238 1783 in-

823 1812 1186 1886 veniemus
1213 1861 1235 1898 ,
1285 1806 1445 1880 cum
1483 1806 2067 1879 commerciorum
2098 1803 2355 1875 bonam
2402 1807 2679 1900 partem
2720 1829 2857 1880 una
2891 1831 3051 1882 cum
3106 1831 3237 1904 po-

697 1971 710 1982 ,
823 1908 1033 2002 pulo,
1087 1905 1208 1999 qui
1258 1902 1480 1976 solum
1531 1904 1867 1991 mutavit,
1932 1898 2397 1983 amiserimu83
2456 1923 2541 1976 ac
2592 1901 2680 1974 ab
2752 1905 3047 1977 militum
3136 1929 3240 1980 ra-

821 2001 1216 2076 vam'mibus
1305 2002 1492 2072 nulla
1561 2019 1744 2092 pene
1819 1994 1988 2069 urbs
2028 2045 2049 2075 ,
2127 1996 2489 2092 patriaque
2568 2001 2893 2073 immunis
2972 2001 3083 2072 exi
3142 2023 3240 2078 at.

826 2097 1080 2192 Qualis
1146 2115 1376 2169 autem
1443 2092 1846 2167 reformatio
1912 2088 2350 2176 instituatur,
2420 2115 2510 2168 ex
2578 2093 2883 2169 formula
2926 2095 3241 2178 Gronin-

823 2191 1053 2304 geniis·
1116 2190 1552 2281 Provinciae,
1627 2209 1840 2283 quam
1898 2189 1986 2262 ad
2052 2185 2231 2261 DN.
2297 2187 2393 2265 V.
2456 2213 2681 2288 nuper
2744 2189 2933 2283 mili,
3001 2196 3241 2292 colligi

881 2309 1111 2362 oterit.

825 2315 874 2388 p
923 2385 1326 2479 Conjugem
1361 2403 1548 2456 tuam
1607 2382 1698 2456 ad
1736 2405 1868 2456 nos
1930 2401 2091 2457 ante
2140 2379 2650 2478 profectionem
2698 2385 2768 2457 in
2826 2381 3251 2482 Hispaniam

825 2483 1208 2555 redituram
1257 2479 1300 2550 s
1337 2501 1648 2564 eramiae,
1697 2477 1748 2549 fi
1803 2480 2023 2553 modo
2094 2501 2281 2554 terra
2330 2481 2470 2552 iter
2527 2469 2757 2555 facere
2808 2480 3237 2560 instituerit:

825 2581 1098 2650 interea
1135 2574 1206 2650 se
1323 2577 1529 2648 oudae
1563 2575 1924 2663 continet,
1974 2597 2138 2647 cum
2190 2595 2342 2648 tota
2397 2574 2693 2663 familia,
2744 2575 3107 2674 nisi'quod
3142 2577 3239 2654 fa-

826 2675 1136 2754 mulum,
1184 2667 1658 2766 famulamque
1713 2674 1802 2744 ad
1849 2672 2103 2744 aedium
2158 2693 2393 2745 curam
2439 2672 2562 2746 hic
2632 2674 3010 2770 reliquerit.
3108 2673 3251 2750 Be:

826 2790 916 2842 ne
978 2769 1193 2851 vale,
1265 2765 1422 2838 CL.
1490 2766 1590 2841 D.
1663 2764 2141 2841 Horrzssss.
2211 2766 2582 2845 Bruxelloe.
2634 2773 2802 2849 xli.
2858 2769 3239 2848 Decembr.

833 2883 966 2938 clo
1021 2883 1102 2937 ιο
1155 2883 1466 2937 ικνιιῐ.
2568 2901 2575 2908 ·
3250 2891 3255 2896 ·

1191 3017 2214 3172 ΕΡῙεΤριΑ
2348 3071 2837 3168 LXIX

834 3299 982 3390 De
1043 3297 1127 3388 T
1107 3295 1496 3412 ysenachii
1535 3306 1618 3384 in
1653 3295 2028 3417 Belgium
2064 3303 2419 3394 adventu
2460 3307 2764 3420 gaudet
2828 3303 2961 3400 6⁵⁹-
2986 3283 3263 3423 pre-st·

913 3437 924 3486 ·.
949 3411 1120 3498 dali
1171 3410 1410 3524 officio
1479 3410 1798 3516 Consilii
1843 3419 2167 3528 privati
2218 3415 2422 3528 ceffit
2446 3479 2471 3521 ,
2542 3427 2628 3534 ip
2656 3449 2703 3504 e
2765 3441 3244 3535 permanere

865 3559 870 3564 ·
935 3523 1196 3640 juffm·
1266 3551 1446 3610 cum
1505 3524 1738 3612 titulo
1786 3525 2143 3640 praesidis
2206 3528 2525 3634 Consilii
2640 3553 2855 3621 tatus
2872 3565 2900 3640 3
2958 3561 3239 3652 quem,

952 3639 1167 3755 quo‘d
1182 3633 1378 3726 Rex
1405 3637 1831 3750 honorifice
1866 3643 1980 3726 acl
2006 3671 2190 3732 eum
2222 3639 2665 3758 scripserat
2682 3709 2711 3750 ‚
2766 3658 3237 3768 acceptavit.

956 3751 1101 3840 De
1128 3749 1439 3867 salario
1481 3749 1596 3846 &⁵
1629 3762 2266 3862 remuneratione
2302 3759 2633 3868 modeste
2664 3783 2958 3854 monet.
3069 3755 3247 3854 Pro

931 3861 1360 3978 succeffore
1398 3863 1513 3955 N
1503 3870 1779 3954 itzenii
1797 3867 2201 3983 Aggaeum
2236 3867 2645 3960 Alba‘dan‘z
2675 3871 2999 3990 respuit.
3112 3867 3248 3966 Se-

959 3984 1256 4062 natoris
1287 3976 1580 4064 Rueda
1607 3981 2000 4070 adventus
2013 4041 2043 4087 ,
2100 3983 2251 4070 alii
2282 3994 2550 4076 exteri
2580 3997 2977 4106 expeaaii
2991 4025 3023 4080 .·
3134 3997 3248 4080 ui-

957 4083 1104 4174 bus
1137 4085 1455 4205 ‘Belgas
1491 4094 1765 4179 cedere
1813 4094 2101 4183 debere
2108 4157 2143 4202 ,
2198 4101 2489 4188 ironice
2536 4102 2891 4218 profirt.
2947 4110 2977 4195 “.
3007 4016 3253 4304 Eqp?²

951 4223 1196 4319 copus
1217 4199 1855 4316 ,Leovardicnsia
1914 4311 1923 4322 ,
1958 4205 2318 4322 οΙὶῢχὶίὶαηι
2347 4215 2586 4310 ‘adiit
2619 4234 2627 4244 “
2662 4207 2812 4312 De
2842 4217 3145 4312 chorau
3176 4225 3247 4307 is

1791 4333 1852 4380 ⁸
1974 4342 1985 4355 '
2052 4347 2077 4356 ·
2984 4331 3255 4432 Lava·
