3700 4884
504 300 546 311 κ

339 428 1022 529 EPISTOLAE
1069 429 1253 531 AD
1292 432 1340 546 J
1343 430 1726 529 OACH.
1757 431 2483 592 HOPPERUM.
2542 468 2708 560 703

239 630 536 707 -fuiffet
559 684 586 721 ,
632 652 714 707 ut
748 632 972 707 literae
1007 628 1256 729 Regiae
1289 655 1452 708 ante
1505 632 1684 707 duos
1731 631 1953 711 tresve
1980 658 2200 712 annos
2244 641 2327 713 ad
2359 628 2753 735 Reginam„

267 728 586 826 scriptae
609 784 632 819 ,
677 727 806 825 ipfi
841 730 1152 815 traditae,
1205 752 1292 802 ac
1317 732 1800 825 procuratoria
1845 731 1867 803 i
1926 734 1974 804 ss
2022 734 2334 807 exhibita
2377 736 2655 811 fuissent
2678 788 2705 825 ,

263 850 390 901 res
443 826 644 900 forte
691 826 1050 900 meliorem
1095 824 1438 900 habuiss'et
1487 826 1773 899 exitum.
1956 852 2137 923 eque
2184 852 2492 928 unquam
2536 832 2707 907 mihi

327 925 570 999 lacuit
633 924 1042 997 mercatoris
1105 944 1327 1019 opera
1379 926 1454 995 in
1512 920 1722 998 rebus
1773 923 2079 1017 publicis
2145 926 2293 1014 uti,
2352 930 2553 1023 quod
2600 930 2706 1002 illi

239 1062 254 1073 ·
299 1042 610 1116 emper,
655 1044 818 1116 quae
846 1018 966 1093 sua
997 1016 1189 1102 sunt,
1237 1038 1580 1115 quaerant.
1681 1014 2022 1093 Venditio
2058 1042 2340 1119 quoque
2373 1024 2705 1098 mercium

263 1117 758 1211 Anglicarum
809 1114 932 1187 hic
979 1112 1200 1202 fasta,
1249 1112 1697 1189 concordiam
1745 1136 1893 1188 non
1946 1118 2243 1189 multum
2299 1122 2700 1211 promovit,
2807 1142 2811 1146 ·

237 1218 548 1287 verum
577 1210 1114 1309 prudentiorum
1158 1212 1776 1306 potentiorumque
1827 1209 2131 1285 confiliis
2189 1212 2512 1289 relustari
2554 1236 2702 1289 non

258 1310 521 1403 potui.
623 1308 810 1381 Illud
858 1325 1085 1379 autem
1121 1307 1309 1409 apud
1345 1330 1456 1381 me
1482 1302 1875 1403 persuasum
1905 1306 2179 1392 habeo,
2228 1305 2278 1379 fi
2335 1313 2493 1401 haec
2536 1334 2701 1384 cum

175 1456 198 1467 -
245 1404 550 1501 ·Anglis
600 1402 805 1500 (18)
851 1404 1170 1475 alteratio
1215 1425 1358 1475 non
1423 1396 1764 1475 incidiss'et
1787 1451 1810 1484 ,
1860 1400 2261 1501 ibidemque
2316 1407 2563 1499 piratae
2595 1431 2703 1481 re-

259 1504 602 1596 cepti·ac
633 1499 852 1593 adJuti
885 1496 1278 1592 Anglorum
1301 1496 1543 1573 favore
1573 1520 1716 1569 non
1757 1493 2078 1586 fuissent,
2125 1520 2479 1595 nunquam
2510 1500 2699 1596 ipsos

261 1597 364 1669 ad
433 1593 860 1691 occupanda
913 1593 1073 1667 loca
1127 1592 1358 1667 nostra
1414 1592 1754 1667 maritima
1806 1599 2371 1687 oportunitatem
2410 1596 2701 1671 faculta-

264 1708 572 1785 temque
651 1689 1016 1765 habituros
1083 1686 1282 1763 fuiss'e
1313 1740 1336 1774 ,
1427 1710 1656 1785 neque
1730 1711 1819 1761 ex
1864 1693 2144 1763 navium
2220 1694 2696 1789 merciumque

263 1788 668 1871 umissione,
736 1782 1340 1881 piscationumque
1389 1786 1943 1879 impedimento,
1992 1789 2077 1861 ad
2136 1790 2315 1861 hanc
2371 1788 2692 1881 despera-

261 1886 549 1958 tionem
574 1884 920 1979 populum
955 1900 1334 1955 venturum
1370 1878 1586 1955 fuisse.
1640 1880 1778 1953 Sed
1813 1884 1909 1953 ita
1930 1903 2045 1955 res
2082 1882 2227 1959 fere
2257 1882 2687 1971 succedunt,

263 1978 407 2053 ubi
441 2002 592 2051 non
625 1974 964 2063 consiliis,
1013 1974 1132 2048 sed
1169 1976 1656 2070 experimentis
1697 1976 2030 2049 creditur.

371 2073 645 2147 Viduae
693 2070 788 2144 D.
851 2070 1318 2145 Courtewillii
1361 2069 1628 2144 causam
1675 2092 1814 2143 non
1851 2070 2124 2165 poss'um
2162 2094 2303 2145 non
2341 2074 2438 2165 D,
2462 2072 2555 2147 V.
2601 2096 2691 2149 ex

261 2174 516 2248 animo
547 2166 774 2241 rursus
800 2165 1316 2250 commendare,
1343 2166 1506 2239 cum
1533 2186 1759 2239 meam
1793 2186 2081 2259 operam
2112 2169 2340 2244 amico
2362 2170 2688 2245 morienti

259 2267 742 2364 promiserim.
845 2261 958 2335 De
1015 2284 1102 2335 eo
1165 2281 1441 2346 autem,
1509 2260 1706 2354 quod
1772 2260 1902 2334 tibi
1963 2264 2051 2335 ab
2106 2286 2195 2337 eo
2255 2264 2688 2354 debebatur,

259 2368 472 2441 illam
533 2384 665 2459 per
733 2354 1127 2430 Vass'urium
1177 2356 1536 2431 admoneri
1585 2358 1849 2432 curavi.
1949 2356 2146 2433 Bene
2192 2362 2423 2444 vale„
2456 2358 2683 2433 Hor-

263 2480 514 2537 ritssn
565 2454 721 2533 CL.
769 2476 928 2528 cum
981 2456 1306 2529 omnibus
1353 2450 1481 2527 tibi
1529 2453 1783 2528 charis.
1834 2452 2205 2529 Bruxellae.
2252 2476 2487 2531 xxvii.
2539 2455 2688 2532 Au-

264 2557 652 2655 gustino
699 2570 772 2627 io
816 2572 992 2622 Lxxi
1013 2566 1076 2624 1.

505 2752 1524 2853 EPISTOLA
1677 2753 2450 2851 CLXXIX.

265 2974 424 3073 De
457 2969 678 3062 urbis
711 2966 1150 3077 Montensis
1194 2964 1607 3055 deditione.
1683 2964 1872 3055 ·De
1912 2964 2324 3083 Principis
2376 2968 2677 3061 Ληναί-

81 3120 94 3131 ·
321 3085 622 3193 'pensis
692 3082 1024 3189 transitu
1107 3102 1265 3193 per
1340 3077 1873 3166 Brabantiam
1918 3140 1944 3181 ,
2018 3080 2117 3165 de
2190 3078 2425 3166 rebus
2490 3080 2677 3172 Fri-

181 3302 188 3309 ,
237 3281 249 3293 ,
349 3204 612 3332 stqis3
669 3222 764 3330 qe
819 3198 918 3281 de
973 3190 1392 3309 Epifitopis
1452 3188 1566 3283 &⁹
1651 3190 2145 3301 Confiliariis
2206 3188 2673 3285 Mechliniae

229 3388 253 3399 -
321 3378 330 3385 -
379 3333 752 3427 captivis.

430 3540 520 3615 L.
562 3537 660 3612 D.
711 3530 1029 3607 Horra
1053 3550 1210 3614 1223
1258 3530 1494 3604 literas
1525 3547 1683 3605 tuas
1711 3550 1844 3606 vn.
1894 3526 2286 3628 septembr.
2326 3534 2519 3611 datas
2549 3559 2663 3611 ac-

479 3636 641 3733 cepi
660 3686 698 3723 ,.
745 3629 1048 3725 ciimque
1094 3626 1220 3700 sub
1249 3628 1434 3700 idem
1473 3648 1748 3723 tempus
1809 3628 1975 3703 urbs
2026 3628 2417 3703 Montenfis
2462 3633 2659 3705 dedi-

227 3737 455 3815 ·tione
502 3753 712 3826 capta
753 3726 965 3815 effet,
1030 3724 1442 3811 arbitratus,
1491 3718 1772 3799 Ducem
1819 3724 2133 3799 nostrum
2182 3724 2257 3796 id
2318 3728 2659 3798 continuo

251 3836 506 3935 Regiae
557 3823 908 3922 Majestati
964 3820 1512 3917 significaturum
1549 3871 1574 3907 ,
1641 3824 1868 3896 hocce
1915 3818 2309 3915 epistolium
2358 3822 2443 3893 ad
2492 3820 2658 3895 Ma·-

254 3935 542 4033 gistrum
588 3922 948 3997 Postarum
989 3920 1078 3993 in·
1117 3916 1354 3992 castris
1401 3915 1848 4005 existentem,
1899 3917 2064 3989 dare
2114 3914 2351 4025 Koloi,
2400 3936 2481 3991 ut
2511 3915 2657 3994 vuna

241 4031 775 4106 mittieuraret.
1459 4110 1473 4125 ⁶
1858 4103 1928 4123 ..
2034 4088 2366 4125 ΜΗ.

351 4123 476 4201 De
511 4115 838 4214 capitulis
865 4131 1099 4186 autem
1139 4108 1540 4190 concordiae
1580 4129 1666 4184 ae
1715 4106 2089 4185 deditionis
2137 4107 2317 4208 nihil
2344 4108 2659 4225 indicare

2481 4224 2658 4284 cem

309 4307 511 4401 ,(ιε)
553 4298 910 4389 alteratio]
953 4300 1186 4388 Lege:
1238 4300 1634 4461 altercGtio.
2728 4328 2737 4333 ·

1519 4404 1634 4461 VV
1681 4406 1731 4461 V
1775 4406 1824 4463 2
