3700 4884
442 322 1103 424 EPISTOLAE
1149 322 1330 419 AD
1385 323 1813 438 JOACH.
1851 306 2579 425 HOPPERUM.
2625 330 2806 455 '845
2949 292 2988 461 ⁸⁸,

354 522 679 617 ‚versum
712 522 903 601 fuiss'e
934 523 1150 623 gavifi
1181 525 1461 600 fuimus.
1561 523 2036 601 Talia‘autem
2069 527 2544 627 stratagemata
2573 533 2805 627 pallini

371 621 767 697 metuenda
802 620 997 707 sunt,
1048 622 1209 697 cum
1257 625 1549 717 impium
1598 621 2222 719 sceleratorumque
2273 630 2412 702 hoc
2447 630 2808 708 hominum

344 722 652 813 genus,
700 720 879 793 nihil
924 720 1110 791 aliud
1141 742 1348 813 quam
1386 718 1589 790 dolos
1620 739 1703 790 ac
1755 715 2033 790 infidias
2080 724 2500 809 meditetur,
2550 727 2805 801 machi·

348 832 757 911 neturque.
858 810 1227 890 Bruxellae.
1271 836 1408 889 ιιι.
1454 812 1642 907 Julii.
1692 833 1828 889 cra
1882 835 1966 889 ιο
2017 834 2278 894 Lxxv.

734 927 1779 1113 ‘EPISTOLA
1909 1018 2419 1117 CCLII.

354 1246 783 1341 'Remedia
838 1250 941 1334 de
995 1246 1233 1337 rebus
1286 1246 1630 1365 Belgicis
1646 1308 1675 1353 ,
1730 1244 2014 1365 rursus
2066 1248 2322 1341 dilata
2377 1252 2618 1342 valde
2668 1258 2796 1343 do-

356 1368 372 1377 '
501 1362 637 1450 let.
750 1359 1162 1477 Deputati
1235 1360 1731 1477 Burgundiae
1783 1368 1866 1451 in
1923 1361 2410 1478 Hispaniam
2465 1386 2686 1457 eunt.

516 1476 523 1483 ’
797 1472 1070 1596 Rogat
1140 1474 1563 1591 mffonem
1594 1470 1755 1583 fibi
1808 1479 2129 1565 tandem
2181 1478 2390 1565 dari.
2499 1556 2517 1575 ,
2829 1488 2836 1504 ’

362 1698 637 1869 CL.
678 1702 776 1777 D.
817 1699 1289 1780 Hoppnn.
1384 1702 1661 1800 Accepi
1706 1704 1940 1779 literas
1989 1720 2166 1777 tuas·
2195 1722 2364 1777 xxx,
2412 1703 2578 1801 Julii
2625 1708 2792 1781 Ma-

600 1800 765 1873 driti
799 1799 993 1873 datas
1014 1852 1035 1884 ‚
1084 1800 1339 1897 quibus
1388 1801 1477 1874 de
1513 1802 1873 1889 remediis,
1923 1820 2086 1895 quae
2129 1820 2272 1873 tam
2310 1802 2432 1875 diu
2469 1826 2556 1877 ex
2609 1800 2791 1879 ecia-
2922 1866 2936 1876 .

368 1897 659 1982 vimus,
704 1898 781 1967 in
830 1896 1107 1990 longius
1156 1916 1476 1990 tempus,
1539 1899 1727 1993 proh
1772 1898 1978 1971 dolor
2026 1896 2474 1971 remittimur!
2592 1921 2622 1973 t
2672 1900 2792 1974 hic

374 1988 555 2064 sane
572 1990 847 2064 cordati
866 2012 1101 2065 omnes
1122 1992 1245 2087 qui
1264 1991 1470 2085 super
1500 1994 1809 2066 articulis
1836 1989 2292 2065 controversis
2315 1993 2614 2069 adhibiti
2641 1994 2794 2070 fue·

370 2108 553 2159 runt
566 2134 592 2173 ‚
642 2088 818 2161 nihil
862 2085 1203 2162 resolvere
1234 2090 1639 2170 voluerunt,
1692 2086 1815 2161 nisi
1845 2085 2232 2181 praehabita
2262 2088 2482 2185 Regis
2524 2088 2790 2163 senten·

368 2184 522 2267 tia,
572 2205 731 2277 quae
768 2181 935 2255 dum
968 2186 1401 2280 protelatur,
1452 2205 1581 2257 nos
1628 2181 1749 2258 hic
1797 2184 1979 2257 inter
2019 2182 2331 2278 Scyllam
2381 2184 2458 2259 ὅτ.
2513 2186 2786 2281 Chary-

368 2277 576 2353 bdim
612 2277 969 2374 jactamur.
1068 2279 1343 2355 Interea
1376 2278 1565 2352 Bura
1598 2302 1683 2353 ac
1721 2276 2192 2354 Audewaeter
2217 2280 2438 2374 captis
2475 2281 2544 2353 in
2586 2280 2782 2375 spem

374 2377 689 2469 aliquam
732 2372 944 2449 ereffl
994 2374 1247 2451 fuimus
1274 2428 1295 2465 ‚
1364 2374 1477 2449 sed
1522 2377 1685 2447 anni
1727 2373 1952 2448 serum
2009 2395 2288 2470 tempus
2323 2426 2341 2463 ,
2411 2373 2486 2447 &
2535 2376 2784 2449 milita-

358 2474 569 2543 ·rium
608 2472 1103 2567 stipendiorum
1136 2470 1491 2555 defectus,
1540 2492 1685 2543 non
1713 2474 2008 2544 multum
2027 2468 2312 2566 ‘sperare
2358 2468 2606 2545 finunt.
2671 2470 2788 2544 De

378 2566 955 2660 Burgundiorum
988 2569 1475 2643 sollicitatione
1509 2588 1711 2641 antea
1751 2568 1837 2651 ad
1884 2586 1954 2641 te
1973 2564 2256 2661 ⁸iscripsi.
2326 2565 2510 2641 Cum
2555 2588 2787 2642 autem

376 2664 511 2737 hic
540 2687 781 2738 eorum
812 2668 998 2741 votis
1028 2663 1419 2743 satisfacere
1462 2664 1907 2759 nequivimus
1927 2714 1950 2750 ,
1998 2661 2294 2735 vestram
2328 2662 2620 2737 Curiam
2673 2666 2790 2737 ad-

378 2762 491 2833 ire
546 2763 951 2835 maluerunt.
1051 2762 1448 2858 Conjugem
1500 2760 1791 2832 vestram
1846 2758 2228 2855 periculose
2268 2761 2643 2833 admodum
2677 2754 2782 2833 la·

378 2854 649 2929 boraffe
690 2857 1008 2931 dolenter
1039 2856 1199 2931 sane
1255 2857 1766 2943 intelleximus,
1812 2854 2060 2929 verum
2098 2878 2248 2929 earn
2300 2852 2789 2929 convalescere

342 3028 347 3035 ,
381 2953 593 3025 valde
629 2951 842 3046 gavisi
874 2952 1147 3029 fuimus.
1198 2952 1362 3047 Ego
1394 2974 1675 3046 quoque
1705 2948 1959 3026 aestivis
2009 2949 2197 3023 hisce
2231 2950 2618 3035 caloribuS,
2672 2972 2790 3023 ca-

378 3048 940 3145 nicularibusque
978 3048 1223 3123 diebus
1268 3070 1407 3119 non
1445 3046 1604 3119 satis
1638 3048 2105 3121 valetudinem
2137 3047 2346 3118 tutari
2380 3046 2622 3141 potui,
2665 3042 2786 3117 sed

374 3164 613 3219 tamen
652 3126 987 3219 redeunte
1034 3167 1367 3219 autumno
1400 3142 1689 3217 meliora
1727 3140 2115 3237 speramus,
2166 3140 2360 3235 quod
2398 3143 2474 3216 &
2505 3142 2789 3237 conjugi

384 3238 642 3315 vestrae
680 3264 765 3312 ex
802 3244 1035 3323 animo
1141 3262 1473 3313 recamur.
2611 3284 2624 3296 ·

484 3332 749 3423 Quaeso
796 3356 905 3424 te,
936 3337 1033 3409 mi
1162 3354 1316 3407 orr
1338 3356 1543 3418 aaz,
1592 3351 1677 3407 ut
1713 3332 1906 3428 quod
1925 3331 2132 3406 toties
2159 3354 2300 3407 tam
2335 3336 2538 3409 enixe
2579 3357 2646 3410 te
2679 3359 2790 3410 ro·

383 3435 591 3527 gavi,
640 3433 921 3505 tandem
962 3430 1255 3515 efficias,
1305 3453 1384 3503 ut
1433 3452 1573 3524 ego
1618 3430 1922 3526 publicis
1964 3426 2152 3502 hisce
2200 3430 2564 3515 molestiis,
2617 3456 2780 3505 cum

444 3548 731 3622 erpetua
769 3528 1167 3602 valetudine
1205 3523 1651 3614 conflictans,
1701 3524 1982 3599 tandem
2025 3526 2306 3601 eximar.
2357 3526 2552 3601 Bene
2585 3532 2738 3602 vale
2759 3577 2784 3613 ‚

380 3554 537 3701 gL.
572 3624 669 3701 D.
713 3621 1081 3701 Horruit
1099 3643 1164 3695 a.
1267 3620 1636 3696 Bruxellae.
1682 3642 1860 3694 κιαι.
1923 3620 2236 3717 Augusti.
2291 3640 2408 3695 cto
2455 3644 2524 3695 ιο
2572 3642 2786 3699 Lxxv.

634 3774 1686 3926 ‘EPISTOLA
1795 3825 2694 3921 ·CCL11*1.···

386 4032 585 4133 Rex
648 4038 917 4149 scribit
972 4044 1113 4127 ad·
1140 4040 1687 4156 magistratum
1763 4032 2296 4152 Colonienfhm
2333 4059 2498 4155 pro
2559 4034 2784 4127 libris

494 4188 549 4244 a
596 4152 789 4269 Jac.
846 4152 1430 4265 Daventriensi
1480 4150 1788 4239 relictis.
1931 4148 2326 4289 pr’ritur
2391 4152 2488 4241 de
2529 4152 2783 4241 dilata

1418 4285 1615 4381 Ppp
1663 4307 1781 4380 pp
2666 4292 2790 4351 ''⁶’-
