3700 4884
929 429 1092 534 848
1149 405 1625 516 VIGLII
1681 429 1818 495 An
1876 397 2390 495 AYTTA
2458 321 3245 500 zuch‘EMr

929 607 1178 684 diebus
1228 601 1428 680 obiit.
1531 599 1754 693 Quod
1805 593 2107 670 officium
2156 591 2407 688 Regiae
2464 591 2841 687 Maiestatis
2900 591 3337 688 dispositioni

929 706 1388 778 Gubernator
1423 695 1656 772 noster
1686 695 2047 767 relisturus
2092 694 2399 766 videtur.
3304 755 3312 762 ‚

1035 798 1258 892 Quod
1295 795 1346 868 fi
1395 794 1554 878 fiat,
1605 813 2031 884 magnopere
2081 791 2170 860 ad
2212 787 2382 858 illud
2426 785 2832 878 promoveri
2878 805 3085 880 optat
3122 783 3343 860 Fran-

932 896 1150 972 ciscus
1203 893 1550 977 Damant,
1595 890 1820 960 minor
1882 908 1969 956 ex
2009 882 2381 966 fratribu3‚
2437 905 2639 975 quem
2692 882 2785 954 ob
2838 885 3055 975 patris
3101 887 3379 957 merit'a·

933 993 1478 1084 fidelitatemque
1515 983 1832 1080 praeferri
1866 999 2287 1077 optaremus,
2324 978 2490 1069 Qua
2524 979 2593 1048 in
2626 1002 2701 1050 re
2744 977 2793 1048 fi
2826 1001 2983 1051 eum
3018 980 3348 1075 adjuvare
3424 1051 3437 1064 ,

931 1089 1199 1186 poteris
1230 1137 1253 1170 ,
1303 1086 1502 1158 nobis
1545 1079 1869 1156 omnibus
1904 1099 2065 1151 cum
2104 1076 2346 1170 primis
2387 1095 2665 1168 gratum
2706 1071 2976 1148 feceris.
3323 1130 3332 1139 .

1037 1183 1201 1254 Post
1247 1179 1814 1252 Schoonhoviam
1861 1172 2163 1246 deditam
2187 1175 2236 1252 ,'
2262 1171 2339 1244 &
2372 1171 2761 1264 Crimpiam
2788 1191 3068 1264 captam
3092 1225 3117 1256 ‚
3166 1172 3341 1246 nihil
3434 1185 3445 1196 “

939 1277 1383 1351 memorabile
1431 1268 1686 1348 accidit
1715 1321 1741 1355 ,
1804 1269 1971 1345 dum
2023 1267 2314 1340 Domini
2346 1265 2436 1338 ab
2484 1263 2789 1360 Hierges
2840 1265 3127 1340 adversa
3160 1272 3341 1340 vale-

943 1375 1119 1450 tudo
1147 1397 1280 1470 pro
1334 1370 1578 1444 ress'um
1613 1366 1824 1464 ipsius
1858 1365 2278 1460 impedierit.
2333 1359 2757 1450 Bene‘vale.
2798 1361 2950 1436 CL.
2986 1363 3083 1440 D.
3124 1360 3353 1438 Hor*-

943 1493 1188 1546 raass.
1352 1467 1652 1542 ruxellae.
1701 1485 1871 1538 χιι.
1922 1461 2311 1558 Septembr.
2362 1479 2498 1532 cm
2556 1477 2635 1530 ιο
2688 1481 2903 1534 LxxV.

1349 1715 2361 1842 E·PISTOLA
2480 1741 2948 1844 chv.

953 1992 1190 2082 Dum
1242 1992 1594 2078 remedia
1626 1987 1959 2074 tardant
1976 2047 2004 2092 ,
2056 1983 2647 2102 aliquantulum
2682 1991 3029 2100 pecuniae
3066 2015 3173 2072 ex
3191 1983 3349 2077 Hi-

1044 2107 1342 2224 spania'
1387 2107 1759 2190 mittitur.
1878 2099 2023 2188 De
2051 2109 2389 2217 privata
2407 2099 2561 2212 sua
2604 2098 2948 2213 egestate.
3043 2099 3355 2188 Matri-

1072 2225 1421 2310 monium
1467 2214 1883 2332 Principis
1940 2209 2453 2322 Auraicenfis·
2472 2272 2501 2314 ,
2558 2217 2759 2326 quid
2788 2209 3120 2320 ficerit.
3196 2213 3353 2320 Hi-

1053 2332 1302 2451 spani
1353 2323 1647 2416 milites
1699 2323 2043 2412 horrori.
2157 2326 2301 2416 De
2327 2351 2624 2441 genero
2652 2319 3035 2439 Hopperi
3072 2328 3183 2412 ad
3220 2355 3353 2410 ar-

1085 2454 1196 2533 cis
1266 2441 1680 2531 Gaudanae
1730 2437 2284 2554 praefhauram
2304 2501 2333 2546 ,
2388 2457 2531 2526 aut
2594 2438 2708 2524 ad
2758 2439 2989 2525 aliud
3032 2435 3357 2554 aliquod

1079 2555 1407 2671 qfficium
1431 2554 1979 2669 promovendo.

964 2797 1327 2970 LIteras
1361 2814 1557 2882 tuas,
1621 2795 1776 2876 CL.
1819 2793 1917 2869 D.
1976 2793 2454 2882 Horrunu,
2504 2813 2675 2890 quas
2728 2817 2850 2869 xx.
2898 2793 3193 2893 Augusti
3231 2817 3363 2894 per

1156 2895 1774 2969 extraordinarium
1825 2893 2169 2966 cursorem
2223 2891 2311 2962 ad
2356 2915 2466 2966 me
2517 2891 2819 2974 dedisti,
2894 2895 3205 2988 accepi..
3264 2893 3361 2966 Et

971 2993 1296 3090 quoniam
1331 3014 1498 3066 vera
1529 2990 1830 3062 remedia
1880 2989 2109 3064 adhuc
2140 2985 2591 3073 differuntur,
2642 3009 2760 3060 aut
2776 2989 3363 3082 quemadmodum

970 3106 1344 3171 veremur,
1393 3088 1676 3158 nimium
1734 3083 1886 3158 sero
1938 3085 2351 3172 adveniant,
2412 3086 2731 3182 pecuniae
2776 3083 3279 3180 aliquantulum
3325 3085 3375 3158 a

974 3185 1185 3258 vobis
1219 3179 1712 3257 subministrari
1745 3181 2127 3276 gaudemus
2161 3234 2182 3268 ,
2233 3179 2392 3254 cum
2426 3182 2546 3254 hic
2578 3183 2871 3275 amplius
2914 3184 3101 3254 nulla
3132 3205 3375 3264 cotra<

981 3279 1057 3352 di
1095 3300 1324 3372 queat.
1377 3277 1564 3350 Nam
1617 3279 1702 3350 ab
1749 3277 2063 3352 statibus
2104 3277 2279 3350 nihil
2329 3279 2619 3372 amplius
2652 3275 2919 3372 sperare
2948 3275 3239 3364 licebit,
3289 3301 3372 3352 ac

978 3375 1074 3448 ad
1131 3375 1377 3447 incitas
1425 3397 1607 3468 pene
1657 3373 1918 3448 redaffl
1968 3373 2247 3460 sumuS,
2294 3373 2753 3466 militariaque
2802 3371 3085 3448 consilia
3107 3375 3377 3448 ti'ostro·

959 3493 1138 3544 .rum
1201 3470 1604 3554 hominum,
1651 3469 1741 3542 ad
1789 3471 1936 3544 hoc
1996 3469 2278 3544 tendere
2327 3468 2697 3554 videntur,
2746 3487 2826 3540 ut
2864 3469 3069 3544 rebus
3134 3473 3377 3544 nostris

984 3564 1312 3641 omnibus
1366 3563 1793 3660 consumptis
1834 3615 1859 3651 ‚
1919 3563 2395 3662 perditisque,
2460 3564 2765 3639 liberius·
2802 3565 3011 3640 nobis‘
3032 3569 3371 3661 imperare

985 3668 1287 3738 valeant.
1389 3661 1502 3738 De
1566 3663 1840 3757 privata
1899 3683 2178 3776 quoque
2229 3661 2526 3756 egestate
2582 3661 2668 3734 ad
2724 3679 2791 3732 te
2839 3683 3063 3761 nuper
3112 3661 3383 3763 aliquid

987 3756 1268 3855 scripsi,
1318 3782 1538 3855 eaque
1595 3755 1805 3844 facit,
1852 3779 1973 3843 ut,
2021 3779 2180 3830 cum
2247 3755 2646 3852 nobisipsis
2674 3753 3041 3834 facultates
3078 3756 3383 3834 deficere

989 3856 1375 3949 incipiant,‚
1413 3855 1647 3929 amicis
1677 3851 2041 3927 subvenire
2083 3855 2305 3928 minus
2336 3851 2677 3950 pommus,
3054 3851 3065 3858 ’
3168 3863 3181 3875 “
3379 3937 3391 3951 ⁸

1095 3951 1673 4035 Matrimonium,
1721 3949 1835 4023 seu
1895 3951 2136 4046 potius
2190 3951 2595 4024 adulterium
2644 3949 3123 4037 Aurajcenfis,
3176 3952 3388 4048 pluri-

995 4055 1152 4118 mos
1184 4047 1286 4116 illi
1327 4046 1808 4120 addietiffimos
1837 4049 2045 4122 valde
2086 4047 2453 4132 alienavit,
2501 4043 2621 4117 sed
2654 4041 2951 4131 contra,
3002 4064 3244 4122 omnes
3264 4043 3383 4119 sae·

995 4142 1238 4216 vitiam
1281 4140 2290 4238 msoleudamquemostrorum
2340 4142 2635 4214 militum
2682 4141 3090 4228 abhorrent,
3142 4144 3218 4220 &
3268 4143 3391 4214 hic

999 4259 1284 4336 quoque
1332 4240 1406 4314 in
1455 4257 1644 4314 metu
1671 4226 2059 4340 v'ersamur,
2108 4259 2195 4314 ne
2232 4234 2579 4335 Hispanos
2612 4241 2746 4316 hac
2786 4241 3038 4338 hyeme
3078 4238 3221 4409 his
3256 4239 3385 4311 ites
3460 4241 3467 4248 '

2850 4370 2857 4379 ·
3273 4343 3395 4406 ere‘
