3700 4884
471 358 1124 485 EssisTOLAE
1177 356 1356 455 AD
1385 358 1817 469 JOACH.
1851 300 2569 455 HoppERUM.
2630 340 2803 491 351,

506 560 666 649 (ιο)
701 553 802 631 Ει
825 577 1224 653 quanquam
1255 553 1762 652 negotia²Reip.
1787 556 2235 653 periculaque
2254 553 2509 651 quibus
2526 555 2645 631 bic
2660 578 2789 629 un·
2824 574 2878 629 ‘.

396 652 609 750 dique
625 656 1096 749 implicamur,
1145 654 1359 748 paulo
1397 676 1506 724 me
1527 655 1997 747 vegetiorem,
2046 656 2255 749 quam
2289 655 2478 727 vires
2501 652 2738 728 ferunt
2759 699 2785 736 ‚

396 750 774 825 monstrare
823 750 1290 844 compulerint
1325 799 1350 835 ,
1420 748 1654 821 metuo
1710 768 1945 821 tamen
1965 798 1987 831 ,
2040 770 2128 821 ne
2185 752 2277 823 ad
2311 750 2783 824 valetudinem

403 848 725 941 corporis
770 845 1308 919 confirmandam
1361 844 1654 917 multum
1714 842 1795 914 fit
1841 839 2289 937 profuturum
2319 895 2343 929 ‚
2411 847 2609 939 quod
2642 847 2789 918 ani-

403 965 598 1017 mum
640 964 984 1037 perpetua
1013 938 1448 1013 solicitudine
1480 964 1564 1014 ac
1607 937 1921 1012 molestia
1972 934 2250 1037 affliget.
2347 938 2631 1017 Etenim
2670 941 2791 1015 hic

409 1041 782 1113 contentio
811 1040 1016 1111 nobis
1039 1036 1424 1109 sustinenda
1441 1034 1577 1121 est,
1631 1058 1772 1107 non
1799 1055 2069 1109 tantum
2109 1057 2268 1110 cum
2283 1036 2365 1108 iis
2386 1087 2409 1124 ,
2460 1040 2582 1132 qni
2601 1060 2795 1133 aper·

403 1150 478 1209 te
510 1131 581 1206 se
618 1131 1042 1207 adversarios
1079 1131 1544 1229 profitentur,
1591 1130 1709 1203 sed
1744 1134 1952 1205 etiam
1978 1156 2140 1206 cum
2179 1136 2528 1207 nonnullis
2546 1136 2800 1209 autho-

396 1232 608 1303 ritate
651 1230 1076 1325 pollentibus
1097 1280 1120 1313 ,
1171 1228 1424 1325 quibus
1477 1250 1608 1299 nec
1655 1226 1873 1322 Regis
1924 1226 2207 1319 consilia
2258 1228 2416 1303 satis
2470 1231 2793 1324 placent,

403 1346 790 1421 omnesque
828 1349 1014 1422 pene
1046 1327 1346 1399 actiones
1383 1320 1647 1397 nostras
1679 1327 2006 1420 culpant,
2057 1325 2131 1399 &
2160 1324 2265 1396 uti
2290 1322 2628 1399 successus
2648 1346 2795 1399 non

403 1418 566 1495 satis
604 1417 879 1504 ferunt,
923 1422 1022 1493 ita
1065 1442 1314 1516 parum
1345 1422 1500 1514 opis
1531 1441 1652 1492 aut
1688 1420 1928 1492 auxilii
1967 1420 2054 1491 ab
2084 1421 2223 1495 illis
2250 1420 2326 1495 in
2370 1421 2575 1495 rebus
2616 1418 2793 1493 diffi-

399 1518 654 1591 cilibus
703 1519 1064 1611 expectare
1109 1512 1482 1611 poss‘umus.
1579 1514 1740 1611 Ego
1794 1536 2029 1589 autem
2079 1516 2243 1589 dum
2275 1539 2542 1591 mecum
2574 1512 2799 1591 confi·

405 1612 584 1687 dero
615 1667 639 1702 ‚
715 1636 877 1709 quae
927 1616 1107 1687 inter
1156 1633 1238 1685 os
1296 1611 1372 1683 &
1421 1608 1634 1685 offam
1713 1612 2033 1685 accidere
2124 1608 2351 1686 ossunt
2385 1665 2410 1698 ,
2460 1633 2795 1709 cuperem

453 1708 687 1783 uidem
744 1710 1076 1803 pleraque
1125 1710 1198 1783 in
1262 1702 1476 1803 Regis
1533 1708 1913 1783 adventum
1960 1709 2027 1781 d'
2092 1709 2274 1785 etri:
2310 1707 2427 1785 sed
2460 1732 2603 1781 non
2658 1710 2799 1781 hoc

399 1730 570 1877 {nit
611 1802 1156 1878 adversariorum
1210 1804 1636 1899 protervitas
1655 1857 1676 1891 ,
1728 1801 1806 1878 δι
1899 1804 2287 1889 uorundam
2320 1806 2795 1900 impatientia,

410 1901 691 1995 quitam
723 1902 1144 1996 impotenter
1187 1900 1343 1973 illos
1385 1896 1700 1993 grassari,
1747 1901 1821 1973 δι
1922 1924 2005 1975 ac
2029 1902 2307 1974 licentia
2335 1903 2425 1974 ad
2457 1896 2801 1975 confufio-

408 2017 572 2070 nem
599 1996 804 2090 Reip.
869 2000 1024 2088 uti,
1053 2018 1239 2092 aegre
1287 1992 1544 2069 ferunt.
1644 1994 1917 2072 Verum
1972 2018 2052 2071 ιιι
2082 2016 2165 2069 ιιι
2194 2020 2305 2071 res
2344 1996 2483 2081 est,
2534 1996 2693 2071 curn
2722 1996 2801 2067 in

410 2091 549 2165 hac
600 2113 805 2165 arena
863 2115 974 2165 me
1023 2090 1306 2165 fortuna
1359 2092 1969 2187 comprehenderit
1990 2146 2011 2180 ,
2061 2090 2151 2166 ad
2189 2114 2579 2169 extremum
2616 2094 2687 2163 in
2717 2112 2799 2162 ea

413 2188 806 2261 constanter
859 2185 1210 2260 subfistere
1262 2188 1544 2261 decrevi
1587 2236 1612 2273 ,
1678 2188 1756 2274 ὃς
1809 2185 2128 2272 confina,
2179 2210 2335 2279 quoe
2364 2192 2533 2261 mihi
2563 2189 2801 2260 viden·

415 2300 534 2356 tur
587 2282 898 2375 publicae
931 2282 1210 2353 utilitati
1245 2284 1652 2365 convenire,
1703 2280 2066 2377 suggerere
2102 2304 2243 2355 non
2274 2282 2593 2359 definam.
2643 2280 2799 2355 Oro

415 2398 652 2452 autem
697 2374 1007 2462 Danu,
1072 2395 1151 2448 ut
1204 2398 1362 2449 eum
1399 2375 1585 2449 diem
1639 2398 1959 2459 cernam,
2010 2398 2155 2471 quo
2184 2376 2384 2473 juxta
2406 2379 2801 2453 cantionem

416 2472 823 2545 Zacchariae
877 2468 1018 2542 sine
1066 2474 1318 2543 timore
1361 2471 1454 2542 de
1507 2492 1716 2543 manu
1752 2472 2187 2543 inimicorum
2222 2474 2549 2549 liberatus
2568 2478 2597 2563 ,'
2642 2472 2800 2547 reli-

459 2591 626 2641 uum
691 2566 961 2641 dierum
1015 2566 1117 2639 illi
1177 2567 1254 2639 in
1299 2562 1654 2640 sanctitate
1699 2568 1776 2641 &
1828 2567 2099 2661 justicia
2150 2568 2415 2654 servire
2472 2574 2795 2660 valeam3

407 2591 904 2738 aesiderabam
927 2681 1199 2750 autem,
1249 2663 1344 2735 mi
1375 2659 1863 2749 Hormina,
1912 2683 1991 2734 ut
2037 2664 2301 2757 aliquid
2362 2664 2798 2766 rescripsisses

424 2758 514 2833 ad
549 2783 631 2835 ea
651 2813 670 2843 .
717 2780 876 2853 quae
909 2777 1113 2832 antea
1156 2756 1196 2829 a
1225 2776 1294 2829 te
1332 2758 1662 2851 explicari
1698 2758 1967 2852 petivi,
2019 2756 2105 2833 de
2124 2758 2423 2835 obscuro
2444 2764 2803 2846 literarum
2874 2833 2883 2841 .

415 2851 665 2951 Regiae
678 2854 1054 2950 Maiestatis
1072 2849 1261 2926 sensu
1281 2903 1302 2935 ‚
1323 2847 1484 2925 &te
1507 2856 1756 2927 iterum
1783 2875 1913 2949 per
1940 2854 2241 2931 nostram
2270 2859 2641 2933 amicitiam
2674 2864 2802 2935 ob··

425 2950 686 3037 testor,
735 2969 946 3045 atque
1000 2953 1184 3023 hanc
1219 2949 1513 3044 gratiam
1561 2948 1684 3021 abs
1714 2969 1786 3024 te
1823 2948 2137 3043 postulo,
2188 2952 2335 3049 quo
2373 2950 2663 3043 efficias,
2722 2976 2801 3031 ut

426 3047 1012 3143 quemadmodum
1053 3045 1255 3141 petii,
1313 3043 1536 3139 Regia
1587 3042 1913 3140 Majestas
1952 3048 2289 3123 hactenus
2342 3048 2729 3142 praestitum
2760 3054 2802 3125 a

423 3165 534 3215 me
579 3140 984 3237 obsequium
1026 3144 1098 3213 in
1131 3140 1387 3213 bonam
1478 3158 1691 3215 artem
1737 3146 2063 3237 accipens
2082 3192 2107 3225 ,
2154 3145 2565 3219 adveniente
2606 3146 2803 3225 Tise-

420 3239 625 3311 nacio
643 3290 664 3321 ,
712 3260 820 3313 me
851 3238 938 3311 ab
977 3232 1384 3308 Praefidatus
1494 3234 1768 3311 actione
1811 3240 2096 3311 omnino
2124 3240 2409 3327 liberet,
2456 3238 2537 3313 ἃ
2568 3263 2647 3315 ιιι
2679 3244 2819 3319 ille·

421 3328 807 3415 successor,
859 3336 962 3405 uti
1007 3332 1209 3405 valde
1277 3326 1590 3405 desidero
1607 3380 1630 3415 ,
1677 3330 1818 3407 five
1878 3335 2033 3429 quis
2094 3336 2265 3408 alius
2294 3332 2435 3409 suae
2466 3336 2802 3432 Majestati

419 3450 698 3527 gratus,
749 3429 920 3501 mihi
956 3427 1316 3520 obtingere
1368 3426 1608 3521 poffit,
1661 3426 1820 3503 cum
1849 3431 2038 3503 nulla
2063 3434 2323 3505 ratione
2365 3437 2667 3507 animum
2700 3439 2804 3507 in-

385 3574 400 3585 ·
421 3528 676 3599 ducere
725 3522 1040 3620 possum,
1089 3544 1316 3615 neque
1373 3524 1494 3596 vel
1537 3544 1701 3599 aetas
1745 3526 1866 3599 vel
1920 3527 2250 3600 valetudo
2299 3523 2515 3616 ferat,
2562 3550 2643 3601 ut
2678 3520 2800 3604 eos

417 3618 693 3695 labores
714 3670 740 3707 ,
790 3623 1043 3714 quibus
1093 3640 1272 3712 pene
1329 3638 1570 3697 omnes
1622 3624 1952 3696 anteaetae
1988 3625 2155 3697 vitae
2184 3636 2403 3698 annos
2442 3624 2799 3720 impendi,

415 3718 696 3814 longius
730 3714 1097 3813 perferam.

2553 3814 2812 3897 Comes

503 3960 674 4147 fro)
731 4002 817 4069 Et
869 3998 1288 4155 {ju-amquam]
1331 4004 1512 4103 Qum
1563 4004 1702 4108 hoc
1751 4022 2041 4094 paragra
2090 4005 2183 4073 ho
2230 4006 2468 4108 prodit
2508 4008 2810 4093 Viglius‚

426 4100 502 4149 re
529 4104 761 4167 picere
807 4106 880 4154 ar
931 4102 1105 4155 itror
1141 4106 1222 4155 ea
1270 4106 1424 4172 quae
1477 4108 1553 4156 in
1605 4090 1756 4158 Vua
1816 4090 1935 4162 sua
1981 4105 2020 4163 a
2072 4106 2341 4166 notavit
2378 4092 2471 4165 N.
2514 4110 2812 4167 Lxxxw.

428 4184 690 4243 cxxxv·
733 4188 1061 4243 nmvn·
1101 4170 1178 4245 δι
1215 4173 1398 4259 seqq‘.
1535 4252 1680 4358 Yy
1728 4280 1772 4335 ²
2758 4201 2766 4211 ·
