3700 4884
780 4170 793 4211 Ι

923 334 1096 449 640
1161 315 1637 433 VIGLII
1695 260 1840 412 η’
1890 312 2418 416 AYTTA
2468 254 3203 417 zmcussm

1040 520 1292 639 Regis
1340 512 1911 605 liberalitatem
1938 508 2189 629 finstt
2209 574 2239 620 ,
2308 542 2550 631 quem
2592 512 2991 643 Hoppero
3038 516 3355 632 conset-2

1037 634 1394 725 vandum
1447 624 1701 742 censet
1719 688 1750 731 ,
1805 654 1905 712 ne
1950 626 2161 713 alius
2216 626 2703 717 obtrudatur
2710 666 2769 736 ,-
2794 625 3124 717 Albano
3174 659 3355 721 ma·-

1049 754 1179 865 g‘t‘s'
1190 808 1221 852 ,
1275 742 1522 859 qudm
1551 740 1674 829 illi
1687 739 2346 881 fidelisfhturqs.

1114 996 1363 1075 Ertior
1419 992 1636 1069 faCtus
1663 1044 1688 1079 ,
1717 988 1872 1067 CL.
1935 990 2034 1069 D.
2087 990 2570 1083 Homnae,
2618 994 2708 1071 ab
2738 993 2947 1070 Duce
2976 993 3217 1069 nostro
3244 1016 3369 1072 ex-

1097 1108 1106 1117 “
1146 1093 1380 1191 pediri
1407 1088 1762 1167 cursorem
1780 1140 1809 1178 ,
1857 1094 1981 1187 qui
2015 1090 2104 1167 ad
2134 1090 2429 1189 Regiam
2468 1090 2755 1168 Curiam
2772 1096 3199 1177 mitteretur,
3226 1116 3361 1165 no·

951 1192 1056 1265 lui
1096 1188 1526 1267 occaslonem
1559 1238 1586 1274 ,
1657 1208 1789 1283 per
1831 1188 2037 1263 illum
2090 1190 2222 1263 triu
2268 1189 2483 1265 verba
2527 1188 2619 1263 ad
2682 1188 2777 1265 D.
2842 1188 2938 1262 V.
2984 1186 3357 1263 ‘scribendi

953 1290 1325 1371 omittere,
1373 1286 1579 1381 eique
1624 1280 2045 1377 significare,
2090 1306 2207 1359 me
2234 1284 2434 1359 binas
2466 1284 2555 1357 ab
2588 1287 2826 1368 eadem
2860 1306 3027 1359 xm.
3078 1308 3167 1359 ac
3196 1306 3353 1363 xiv.

957 1383 1306 1480 praet'eriti
1361 1376 1611 1454 mensis
1651 1380 1834 1474 Julii
1902 1382 2097 1461 datas
2138 1430 2159 1470 ,
2222 1381 2717 1457 nudiustertius
2760 1378 3101 1478 accepiss‘e
3134 1430 3161 1467 ,
3225 1404 3361 1477 per

947 1504 1122 1576 quas
1182 1480 1274 1553 de
1321 1478 1632 1551 adventu
1699 1475 1927 1551 Ducis
1972 1478 2291 1551 Medinae
2338 1477 2518 1551 Caeli
2589 1482 2919 1563 certiora,
2986 1500 3197 1573 quam
3234 1500 3357 1551 an-

947 1596 1101 1666 tea,
1151 1574 1690 1661 nuntiabantur,
1737 1572 1987 1647 verum
2028 1596 2113 1647 ea
2154 1596 2401 1670 parum
2448 1574 2721 1649 nostros
2760 1598 3207 1648 commovere
3240 1574 3353 1647 vi-

948 1672 1238 1763 dentur,
1285 1692 1416 1744 nec
1465 1666 1640 1743 fides
1701 1670 1808 1763 eis„
1858 1669 2233 1755 tribuitur,
2280 1671 2507 1747 donec
2554 1670 2701 1767 ejus
2746 1673 3129 1747 adventum
3170 1692 3363 1765 prae-

953 1766 1170 1843 sentia
1225 1762 1527 1843 testetur.
1629 1760 1887 1859 Nepos
1956 1788 2189 1841 autem
2234 1788 2431 1841 meus
2484 1766 2868 1843 Folcardus
2930 1787 3360 1862 praevertere

959 1886 1241 1939 eum-cu
1299 1881 1488 1945 eret,
1536 1860 1955 1955 verumjuffi
1990 1863 2187 1937 illum
2230 1864 2408 1937 nibil
2442 1860 2581 1945 fine
2612 1864 2711 1937 D.
2752 1864 2839 1936 V.
2882 1860 3175 1939 consilio
3208 1883 3358 1935 ten·

952 1984 1126 2035 tare.
1229 1886 1454 2049 &uod
1508 1954 1560 2028 fl
1607 1976 1840 2031 autem
1894 1977 2095 2033 antea
2146 1958 2288 2035 huc
2337 1962 2608 2034 venerit
2642 2010 2663 2046 ,
2729 1960 2993 2036 curabo
3048 1977 3129 2033 ut
3179 1962 3361 2032 inter

1011 2059 1224 2131 rimos
1292 2053 1409 2142 fit,
1457 2054 1580 2149 qui
1636 2054 1726 2125 ad
1781 2054 2228 2128 ministerium
2274 2052 2699 2130 Illustriffimi
2770 2056 2997 2131 Ducis
3046 2054 3367 2130 Medinae.

954 2080 1142 2239 gaeli
1174 2157 1203 2244 (
1235 2150 1358 2227 ubi
1393 2154 1532 2223 huc
1569 2151 1925 2246 appulerit
1958 2148 1993 2245 )
2053 2171 2423 2227 accur-rent
2443 2202 2467 2240 ,
2520 2154 2735 2229 modo
2772 2152 2862 2227 D.
2918 2151 3013 2225 V.
3052 2156 3197 2227 hoc
3238 2172 3363 2227 an·

861 2303 870 2311 -
951 2270 1070 2329 tea
1099 2250 1293 2345 apud
1333 2268 1492 2321 eum
1530 2248 1787 2343 egeritj,
1839 2268 1921 2321 ut
1952 2251 2027 2322 in
2056 2249 2209 2346 ejus
2248 2247 2609 2323 servitium
2642 2270 3075 2347 acceptetur.

1053 2340 1377 2419 Rollema
1422 2339 1656 2417 noster
1692 2344 1971 2419 tandem
2008 2366 2095 2417 ex
2140 2343 2474 2419 diuturno
2506 2368 2785 2423 carcere
2812 2349 3162 2423 relaxatus
3192 2342 3371 2431 fuit,

955 2442 1286 2515 bannitus
1341 2457 1582 2515 tamen
1624 2444 1975 2533 perpetuo
2011 2465 2100 2514 ex
2134 2439 2562 2527 Hollandia,
2614 2442 3085 2541 Zelandiaque
3104 2494 3125 2527 ,
3174 2464 3258 2515 ac
3290 2441 3403 2513 in·

959 2532 1181 2609 Frifia
1235 2533 1674 2621 confinatus,
1722 2538 1826 2613 de.
1867 2537 2063 2633 cujus
2106 2536 2469 2613 sententiae
2526 2542 2851 2633 aequitate
2892 2540 3078 2615 forte
3114 2538 3235 2613 alii
3274 2536 3377 2609 ad

961 2628 1064 2705 D.
1101 2630 1200 2704 T.
1232 2630 1584 2717 scribent,
1633 2653 1718 2705 ac
1753 2631 2151 2725 Gurdium,
2202 2637 2325 2732 qui
2366 2636 2484 2711 hic
2520 2634 2711 2709 adest
2736 2690 2758 2725 ,
2804 2660 2948 2711 non
2986 2656 3169 2731 puto
3200 2636 3377 2707 taci-

965 2748 1244 2815 turum,
1295 2750 1457 2824 quae
1499 2728 1592 2803 ad
1639 2750 1788 2803 eam
1827 2730 2103 2805 causam
2138 2734 2513 2827 pertinent.
2616 2730 2955 2807 Omnium
2986 2756 3165 2808 vero
3192 2729 3383 2826 iudi·

843 2898 858 2913 ,
969 2826 1085 2900 cio
1135 2847 1281 2901 non
1321 2824 1538 2900 solum
1591 2845 1753 2897 eum
1810 2825 2213 2917 absolutum
2261 2829 2623 2914 intellexi,
2669 2826 2791 2905 sed
2833 2828 3057 2905 visum
3092 2848 3387 2923 quoque

971 2916 1174 2999 finire
1207 2970 1233 3007 ,
1302 2918 1736 2997 accusatores
1769 2972 1801 3013 ,
1856 2925 2037 2997 inter
2140 2947 2269 3001 uos
2318 2920 2458 2999 fuit
2510 2922 2901 3021 Hispanus,
2954 2926 3179 3021 quiin
3222 2928 3376 3019 ejus

975 3016 1216 3093 officio
1249 3014 1580 3092 suffectus
1624 3014 1762 3093 fuit
1779 3071 1804 3106 ,
1853 3042 2085 3115 poenae
2144 3020 2305 3097 alsae
2344 3020 2798 3099 accusationis
2827 3022 3073 3119 subj’ici
3096 3021 3415 3095 debere.‘

979 3112 1126 3189 Sed
1164 3113 1438 3211 Vargas
1488 3132 1784 3211 propter
1833 3138 2030 3202 tuam
2064 3140 2427 3213 meamque
2462 3139 2628 3196 cum
2661 3120 2787 3193 ino
2818 3121 3193 3198 amicitiam
3228 3116 3389 3209 Du-

984 3208 1754 3381 {ifffffffigfffflfgfffi
1772 3265 1799 3301 ,
1847 3214 2364 3383 ut.t{¹eml³¹⁰m
2400 3214 2727 3291 ederetur
2758 3236 3005 3295 eontra
3042 3238 3171 3291 eos
3190 3265 3216 3303 ,
3262 3213 3401 3309 qui

1642 3332 1668 3381 t
1747 3332 1835 3386 ne
1870 3333 1943 3383 m
2025 3333 2207 3387 ntur.
2805 3336 2813 3345 ·
2872 3340 2875 3345 ·

1097 3398 1454 3476 Rumores
1469 3453 1492 3489 ,
1541 3406 1664 3498 qui
1707 3429 1795 3480 ex
1843 3404 2109 3481 Gallia.
2152 3404 2670 3505 Germaniaque
2726 3429 3067 3495 terrorem
3088 3408 3402 3504 aliquem

999 3498 1208 3574 nobis
1249 3494 1622 3583 incussere,
1665 3498 1999 3577 haetenus
2049 3524 2273 3579 vanos
2313 3498 2511 3581 fuiss'e
2566 3508 3041 3602 comperimus
3060 3559 3083 3594 ,
3128 3502 3205 3579 ἃ
3238 3500 3405 3599 spe·

999 3619 1234 3671 ramus
1293 3618 1426 3671 non
1482 3592 1572 3668 ab
1623 3599 1881 3674 exteris
1930 3598 2243 3674 hostibus
2298 3619 2495 3675 tutos
2544 3602 2686 3677 hoc
2716 3626 2901 3677 anno
2934 3601 3091 3677 fore
3106 3652 3130 3687 ‚
3178 3600 3411 3690 modo

1003 3696 1280 3769 novitas
1342 3714 1577 3767 rerum
1627 3690 1748 3767 hic
1797 3696 2132 3771 attentata
2140 3720 2295 3771 rum
2352 3694 2569 3777 nobis
2628 3720 2779 3773 non
2838 3698 3105 3797 aliquid
3168 3695 3422 3769 turbe

1002 3792 1311 3864 concitet
1329 3838 1354 3877 ,
1401 3812 1613 3885 quam
1663 3810 1899 3867 tamen
1940 3786 2282 3876 studiose,
2325 3796 2569 3890 quoad
2622 3796 2903 3884 licebit,
2952 3816 3201 3875 omnes
3230 3790 3408 3869 flde-

1005 3884 1113 3959 les
1137 3884 1390 3981 Regiae
1415 3884 1801 3963 Ma‘estatis
1841 3886 2135 3963 ministri
2165 3910 2483 3967 avertere
2506 3894 2967 3969 conabuntur.-
3066 3890 3266 3967 Bene
3284 3912 3409 3977 va·

1003 3980 1113 4068 le,
1153 3978 1312 4053 CL.
1369 3980 1470 4053 D.
1629 4005 2018 4075 ornan,
2082 3982 2157 4059 &
2198 3983 2573 4085 oon'ugem
2600 3980 3412 4089 familiamque‘tuamex

1007 4096 1120 4151 me
1156 4070 1394 4151 saluta.
1443 4126 1452 4134 -
1492 4076 1872 4157 Bruxellae.
1929 4104 2042 4157 ιι.
2088 4011 2411 4179 Augusti.
2462 4105 2592 4162 cro
2632 4104 2950 4165 iamt.
3123 4176 3283 4255 Dm

3284 4196 3413 4251 ne·
