3700 4884
459 310 1145 437 EPISTOLAE-
1180 331 1361 435 AD
1390 327 1828 445 JOACH.
1865 290 2586 451 HOPPERUM.
2647 348 2813 453 807

494 532 713 613 Aliud
750 548 1044 631 quoque·
1086 530 1349 613 malum
1394 524 1631 619 ‚nostri
1682 528 2208 617 Gubernatoris
2261 530 2566 613 absentia
2611 533 2828 610 nobie

395 632 735 727 peperit3
802 630 991 726 quod
1056 626 1291 713 Status
1368 624 1625 708 nostrae
1700 630 2090 724 provinciae
2138 630 2286 703 huc
2341 632 2654 720 evocati,
2719 632 2812 703 ab

394 726 551 801 Cal.
602 726 783 807 Maii
808 729 895 805 ,in
931 727 1123 803 hunc
1172 722 1389 821 usque
1434 724 1621 799 diem
1662 747 1805 800 non
1846 723 1992 801 fine
2029 727 2234 821 gravi
2287 724 2640 821 impensa,
2690 726 2824 799 tae-1

398 825 657 917 dioque
675 877 697 913 ,
746 821 961 919 ipsius
1008 822 1309 908 reditum
1338 818 1713 919 expefflioe
1744 818 1974 897 coaffl
2001 820 2311 917 fuerint„
2391 820 2675 911 Quibus
2709 825 2814 895 in-

388 936 581 993 terea
636 919 1031 994 concessum
1080 918 1219 995 fuit
1271 940 1549 1015 tempus
1569 966 1593 1004 ,
1641 937 1723 993 ut
1778 920 2250 1015 querimonias
2335 916 2486 993 suas
2534 916 2815 991 confer-

388 1035 585 1101 rent,
633 1016 914 1113 unaque
952 1015 1236 1095 consilia
1282 1016 1585 1097 inirent,
1630 1017 1753 1111 qui
1800 1012 2046 1111 postea
2087 1012 2374 1091 fortassis
2411 1016 2628 1109 magis
2675 1014 2816 1111 (uti
2908 1095 2920 1102 ‚

382 1113 765 1208 aliquando
798 1112 929 1185 usu
961 1108 1213 1207 venit)
1266 1114 1635 1208 negocium
1667 1110 1874 1185 nobie
1919 1106 2266 1187 facessent.
2333 1108 2818 1187 Subfidiorum

384 1204 576 1287 vero
606 1206 799 1305 spem
831 1208 1051 1307 magis
1084 1228 1295 1302 atque
1342 1209 1563 1305 magis
1604 1216 1979 1303 paupertas
2021 1205 2386 1296 diminuit,
2437 1204 2599 1283 cum
2641 1230 2810 1305 pro-

400 1304 665 1383 vincia>
703 1306 1019 1399 quotidie
1058 1326 1099 1377 a
1150 1304 1371 1379 milite
1426 1303 1807 1378 exeduntur
1826 1356 1849 1393 ,
1915 1306 1990 1379 &
2037 1304 2268 1377 omnia
2304 1304 2568 1401 ubique
2617 1326 2808 1379 com·

402 1400 949 1476 mertia-cessent.
1046 1400 1317 1473 Damus
1374 1418 1669 1486 tamen;
1718 1397 2166 1495 dabimusque
2216 1424 2434 1498 porro
2479 1423 2816 1496 operam,

394 1518 475 1571 ut
504 1496 899 1573 consuetam
936 1496 1569 1595 promptitudinem
1624 1492 1902 1581 Status,
1951 1514 2296 1593 quatenus
2333 1518 2596 1591 queant
2614 1546 2640 1581 ,
2679 1500 2808 1570 ‘ex-

384 1592 697 1667 hibeant.
792 1588 1179 1667 Veritatem
1230 1615 1459 1667 rerum
1498 1590 1843 1687 gestarum
1889 1590 2264 1689 plenissime
2313 1592 2430 1667 sua
2483 1589 2810 1688 Majestas

390 1712 481 1763 ex
516 1686 823 1765 succefl‘u
862 1686 1290 1787 cognoscere
1326 1687 1563 1785 potuit
1590 1739 1615 1775 ,
1664 1708 1900 1782 neque
1929 1710 2180 1783 magna
2205 1685 2696 1765 informatione
2729 1714 2808 1763 o-

386 1807 526 1883 pus
562 1784 695 1861 effe
733 1787 1053 1871 videtur,
1102 1785 1152 1859 fi
1187 1807 1347 1882 quae
1378 1784 1544 1861 hinc
1563 1782 1819 1880 saepius
1858 1787 2187 1859 nunciata
2207 1838 2232 1877 ,
2270 1789 2626 1882 relataque
2655 1784 2810 1861 fue·

388 1906 467 1957 re
480 1932 506 1969 ‚
556 1885 889 1957 memoria
930 1901 1253 1977 repetere
1295 1884 1673 1955 volueritis,

486 1976 679 2073 Quae
710 1977 805 2051 D.
846 1978 939 2051 V.
976 1978 1229 2054 isthinc
1259 1976 1669 2060 transmissa,
1720 1978 1796 2051 &
1837 1974 2040 2051 nobis
2077 1976 2584 2052 communicata
2611 1974 2805 2053 suiss'e

383 2077 614 2149 credit
646 2124 671 2163 ,
722 2098 805 2151 ea
852 2096 1010 2171 quae
1042 2072 1303 2151 fuerint
1333 2122 1359 2159 ,
1423 2096 1569 2149 non
1614 2071 1773 2147 satis
1824 2074 2194 2168 intelligo:
2261 2070 2422 2147 cum
2463 2072 2608 2169 ipse
2658 2074 2804 2149 fere

388 2168 727 2255 absuerit,
776 2194 909 2245 nec
950 2170 1471 2248 mea-valetudo
1502 2168 1719 2252 ferat,
1771 2188 1851 2243 ut
1881 2166 2130 2265 saepius
2162 2191 2324 2243 eum
2359 2168 2478 2242 hic
2510 2170 2804 2243 existen·

388 2286 530 2351 tem
563 2265 802 2341 adeam
824 2321 844 2355 ‚
898 2266 975 2343 &
1011 2289 1155 2340 non
1198 2266 1404 2343 difint
1435 2266 1582 2341 fuae
1616 2266 1915 2341 nationis
1965 2268 2322 2355 homineS,
2370 2268 2495 2362 qui
2529 2266 2668 2341 hoc
2703 2264 2802 2339 la·-

386 2362 561 2439 bore
606 2387 747 2438 nos
785 2362 1169 2440 sublevent.
1562 2445 1569 2451 ,
1632 2360 1649 2377 “
1899 2388 1901 2390 ’
2697 2367 2704 2375 ’

484 2459 605 2535 De
658 2459 1077 2537 Denneterii
1128 2460 1379 2535 morbo
1438 2461 1700 2549 doleo„
1752 2452 1831 2531 δι
1883 2454 1936 2531 fi
1987 2481 2146 2533 cum
2193 2476 2510 2555 tempore
2557 2448 2804 2545 melius

389 2556 901 2725 nonsuqabuerit
921 2608 943 2643 ‚
1010 2556 1111 2631 D.
1164 2556 1259 2635 V.
1311 2556 1505 2653 quod
1553 2558 1896 2654 optimum
1944 2554 2048 2629 illi
2091 2556 2444 2631 videbitur
2476 2604 2504 2642 ,
2567 2552 2802 2653 quaeso

388 2676 523 2731 oon
628 2674 719 2727 at.
1665 2676 1685 2692 ⁸

404 2806 417 2817 .
483 2748 713 2826 Valde
750 2753 1043 2835 erratis,
1092 2748 1143 2823 fi
1176 2750 1497 2837 creditis,
1548 2770 1681 2843 pro
1722 2745 2018 2823 vietor-ia
2059 2744 2414 2833 concess‘a,
2465 2741 2632 2819 Deo
2670 2770 2801 2819 nos

369 2843 645 2943 'gratias
673 2870 813 2921 non
850 2842 1103 2943 egisse,
1151 2844 1754 2943 expe&avilseque
1798 2844 2026 2919 donec
2071 2868 2201 2919 vos
2244 2844 2448 2918 isthic
2497 2867 2628 2915 nos
2680 2842 2802 2914 ad·

388 2946 788 3019 moneretis.
856 2944 1287 3031 ,Formulam
1342 2963 1571 3019 autem
1618 2944 1906 3033 orandi,
1953 2964 2164 3037 quam
2209 2940 2298 3015 ad
2337 2938 2798 3013 Commenda-

386 3060 613 3123 torem
650 3038 911 3119 missam
944 3036 1035 3111 Ι).
1054 3040 1148 3121 V.
1172 3040 1389 3125 dicit,
1436 3038 1749 3111 nondum
1777 3038 1970 3123 vidi,
1997 3038 2347 3131 mirorque
2380 3058 2510 3109 vos
2553 3028 2798 3107 Ululas

365 3136 699 3211 Athenas
743 3138 1035 3209 mittere.
1202 3148 1216 3156 ”

410 3304 419 3311 ,
483 3230 1003 3317 Commiffiones
1040 3230 1433 3319 Bendarum,
1483 3248 1659 3323 quas
1695 3228 2010 3301 nondum
2043 3228 2234 3311 vidi,
2283 3226 2614 3323 miramur
2653 3246 2792 3301 tam

385 3326 541 3403 sero
601 3330 687 3401 ad
740 3350 870 3399 nos
924 3328 1144 3399 mitti:
1197 3320 1727 3419 persuasumque
1821 3346 1866 3397 o
1921 3326 2075 3397 ulus
2129 3322 2360 3399 noster
2402 3324 2650 3407 habet,
2704 3325 2794 3398 de

385 3425 527 3507 illis
574 3424 861 3499 omnino
912 3423 1269 3495 abolendis
1314 3421 1697 3515 cogitatum
1746 3348 1849 3495 {lui
1907 3447 1982 3509 e,
2035 3417 2190 3493 cum
2227 3421 2362 3496 illis
2409 3418 2792 3517 neglestis,

384 3525 509 3615 qui
557 3521 772 3593 robur
814 3521 1206 3615 provinciae
1260 3514 1513 3593 nostrae
1566 3512 1696 3592 ess'e
1733 3516 1997 3607 solent,
2047 3537 2158 3591 tot
2197 3538 2596 3600 extraneOS,
2643 3534 2796 3589 tanz

390 3618 481 3691 tis
530 3614 895 3713 impenfis,
948 3614 1291 3711 rebusque
1344 3612 1591 3707 nostris
1634 3634 1777 3685 non
1824 3612 1982 3687 satis
2043 3610 2329 3687 affestos
2361 3668 2384 3701 ,
2431 3612 2507 3693 in
2551 3633 2808 3713 eorum·
2897 3615 2918 3641 ‘

388 3716 623 3799 locum
688 3711 1037 3811 surrogari
1084 3714 1371 3797 vident,
1406 3709 1543 3806 vqui
1594 3708 1996 3806 provincias
2029 3710 2294 3788 nostras
2325 3707 2794 3804 superioribus

388 3804 582 3889 annis
640 3808 891 3888 misere
941 3811 1381 3907 expilarunt,
1452 3828 1587 3880 nec
1616 3807 1849 3887 „ullam
1899 3805 2116 3903 pene'
2141 3802 2648 3902 protestionem
2677 3807 2790 3881 'at-

388 3910 729 3991 tulerunt.
1506 3934 1515 3943 ·
2641 3906 2646 3914 “
2731 3982 2739 3989 ,

491 4000 681 4091 Quae
720 4002 911 4097 apud
941 4001 1401 4100 Antverpiam
1434 4000 1876 4083 acciderunt,
1927 3994 2214 4071 omnino
2249 3994 2637 4095 persuasum
2671 3998 2792 4072 ha·

388 4096 569 4183 ben,
621 4095 1102 4173 Gubernatori
1136 4096 1415 4187 nostre,
1455 4100 1573 4194 qui
1605 4092 2057 4191 indignissime
2095 4095 2180 4169 ab
2216 4092 2538 4169 insolenti
2573 4096 2790 4168 milite
2841 4174 2850 4181 ,

385 4194 647 4271 ibidem
680 4191 1009 4270 trafitatus
1037 4192 1211 4291 fuit,
1258 4188 2194 4372 νεὴέηὶιςεὲῑῗκόὶΐρὶὶωἰᾶε.
2292 4190 2794 4273 Verumtamen

1395 4376 1412 4397 .
1828 4314 1869 4365 2
2569 4308 2798 4385 popu·
