3700 4884
867 338 876 349 ’
983 342 1148 458 762
1207 333 1684 468 VJGLII
1743 273 1883 432 ΑΒ
1938 325 2478 426 AYTTA
2532 326 3273 450 zmcnssm

1357 557 2373 660 EPISTOLA
2518 496 3025 698 ccvi.

978 793 1264 911 Falsus
1321 817 1602 880 rumor
1654 791 1754 880 de
1807 783 2187 906 prperi
2242 807 2498 878 morte
2522 849 2547 887 ‚
2602 814 2843 878 verus
2896 791 2995 876 de
3054 785 3189 878 Re
3240 797 3382 880 inae

1086 927 1351 1026 partu
1395 941 1415 996 ε
1489 909 1588 991 de
1661 932 1818 1022 quo
1876 899 2114 1018 plebs
2174 903 2564 1020 gauderet
2620 908 2938 1018 mag1‘53
3000 903 3092 1013 st
3228 915 3385 1021 egis

1034 1066 1042 1074 ·
1095 1049 1294 1140 erga
1335 1015 1426 1130 se
1475 1024 1829 1106 animum
1884 1021 2325 1131 propitium
2360 1022 2905 1131 experiretur.
2958 1015 3388 1106 Alc-maria

1097 1131 1400 1248 obscffa.
1523 1129 1800 1248 Claffis
1853 1155 2007 1216 non
2036 1127 2170 1238 A}
2242 1148 2589 1244 experta
2620 1125 3055 1246 succeffum
3108 1132 3389 1242 deside·

971 1277 984 1286 ·
1097 1269 1389 1337 ratum.
1507 1241 1677 1333 Res
1718 1249 2103 1360 privam.
2190 1263 2200 1273 “

983 1453 1239 1628 CL.
1287 1452 1386 1527 D.
1439 1451 1917 1530 Horrssnr..
2016 1451 2147 1525 Ma
2246 1475 2287 1526 a
2327 1475 2456 1526 nos
2506 1450 2747 1525 laetitia
2804 1448 3107 1528 affecere
3162 1453 3389 1532 literae

1197 1571 1337 1627 tuae
1387 1571 1548 1625 xm.
1597 1549 1938 1648 praeteriti
1990 1571 2145 1624 men
2178 1571 2236 1622 ns
2282 1547 2397 1622 die
2442 1547 2667 1632 datae,
2720 1571 2861 1619 non
2918 1551 3175 1636 modo,
3278 1557 3390 1625 uia

980 1669 1055 1740 te
1092 1649 1334 1722 vivere
1373 1647 1792 1722 testabantur
1821 1697 1846 1733 ,
1893 1642 2140 1720 vet-hm
2194 1648 2401 1717 etiam
2428 1694 2449 1730 ,
2500 1645 2693 1740 quod
2736 1639 3186 1724 feliciffimum
3252 1673 3393 1722 ere·

981 1741 1256 1818 niffirnae
1287 1739 1580 1838 Reginae
1612 1741 1863 1816 nostrae
1898 1761 2177 1840 partum
2206 1743 2412 1814 nobis
2449 1739 2980 1815 annunciabant.
3080 1740 3271 1816 Nam
3308 1770 3395 1820 ex

979 1839 1200 1914 Curia
1237 1837 1460 1912 Ducis
1493 1837 1829 1913 infaustus
1870 1860 2107 1912 rumor
2140 1837 2231 1910 de
2262 1837 2463 1912 obitu
2503 1857 2629 1912 tuo
2674 1836 2906 1934 paffim
2948 1834 3213 1934 sparsus
3246 1841 3392 1916 fue·

965 1957 1090 2011 sat
1131 1990 1152 2024 ‚
1219 1939 1737 2034 multorumque
1789 1937 2168 2009 amicorum
2220 1935 2307 2006 ad
2365 1955 2473 2006 me
2516 1937 2735 2008 literae
2782 1933 3013 2008 anatae
3064 1933 3392 2022 fuerunt,

983 2031 1240 2130 quibus
1283 2051 1650 2107 moerorem
1690 2031 1883 2105 suum
1924 2051 2014 2102 ex
2049 2048 2132 2106 ea
2167 2027 2347 2116 fama
2378 2051 2794 2126 conceptum
2816 2080 2839 2113 ‚
2886 2027 3389 2125 fignificabant.

1076 2127 1194 2204 De
1233 2151 1426 2204 novo
1460 2149 1691 2204 autem
1743 2125 2017 2202 haerede
2064 2127 2249 2221 Regi
2292 2149 2453 2201 nato
2510 2128 2729 2222 magis
2781 2125 3075 2201 solidum
3139 2132 3395 2227 populi

977 2226 1310 2322 gaudium
1340 2225 1524 2302 foret
1545 2277 1567 2312 ,
1614 2223 1662 2298 fi
1709 2227 1992 2298 tandem
2046 2225 2423 2316 aliquando
2473 2219 2815 2319 Principis
2866 2220 2961 2297 sui
3008 2227 3393 2322 propitium

973 2345 1144 2492 {135²
1162 2315 3393 2510 ςξὲιῗὲῖΜείἓῑῗῗιῖἷέἑξεὲἓιὲἳὲἷξῗηἕὲἒῗέἕξέἑῖωῗᾱὲἳ

976 2515 1140 2598 dat,
1185 2509 1312 2608 'qui
1361 2515 1506 2588 cito
1539 2511 1678 2586 dat.
1713 2512 1935 2610 Spero
1969 2532 2203 2585 tamen
2242 2535 2397 2586 eam
2434 2513 3015 2587 abundantiorem
3050 2471 3211 2589 fore
3240 2537 3391 2612 gra·

975 2611 1184 2692 tiam,
1283 2631 1373 2682 uo
1419 2606 1552 2682 fuit
1599 2609 2044 2706 expestatior.

1083 2632 1696 2780 Resffiollandicae
1731 2709 1925 2782 tarde
1959 2703 2189 2780 adhuc
2220 2703 2809 2801 progrediantur,
2858 2703 2933 2782 δε
2954 2724 3281 2781 veremur
3310 2727 3399 2783 ne

980 2799 1231 2897 hyems
1283 2799 1529 2899 coeptis
1573 2823 1702 2875 nos
1741 2799 2057 2874 defistere
2098 2823 2349 2900 cogat3
2398 2799 2487 2873 de
2526 2802 2926 2876 Alckmaria
2980 2821 3216 2878 tamen
3270 2803 3398 2878 ob-

978 2893 1146 2972 sess‘a
1188 2896 1392 2974 brevi
1423 2897 1762 2993 potiunda
1796 2917 1887 2970 ex
1916 2893 2151 2970 castris
2203 2895 2665 2988 perscribitur.
2768 2895 3013 2970 Claffis
3057 2921 3233 2972 vero
3272 2921 3399 2975 no-

982 2991 1164 3078 stra,
1216 3017 1374 3092 quae
1413 2997 1480 3066 in
1531 2992 1932 3067 zelandiam
1972 2989 2293 3092 profe&a
2356 2991 2527 3082 fuit,
2577 2994 2765 3068 haud
2800 3017 2957 3069 eum
3004 3017 3216 3090 quem
3268 3017 3399 3093 op·

985 3093 1366 3167 taven-imus
1413 3087 1790 3166 succeffurn
1827 3109 1914 3161 ex
1974 3111 2119 3162 erta
2149 3089 2247 3160 est
2268 3139 2291 3172 ,
2324 3087 2481 3162 cnm
2506 3111 2806 3187 propter
2838 3085 3142 3163 hostium
3172 3093 3357 3165 vires
3378 3143 3403 3178 ,

979 3205 1128 3259 tum
1159 3189 1256 3260 ob
1287 3183 1640 3264 adversam
1669 3183 1907 3284 tempe
1970 3205 2189 3272 atem,
2239 3207 2395 3282 quae
2438 3187 2539 3260 illi
2570 3209 2711 3260 non
2737 3208 2983 3284 parum
3012 3188 3409 3278 detrimenti

983 3285 1240 3357 attulit.

1083 3377 1521 3477 Gregorimn
1571 3376 2057 3476 Antoniusque
2092 3375 2221 3451 filii
2278 3379 2429 3463 tui,
2479 3397 2631 3453 mea
2667 3399 2835 3453 cura
2874 3381 3189 3454 nondum
3231 3383 3405 3458 indi·

983 3495 1150 3572 gere
1190 3477 1558 3558 videntur,
1613 3471 1772 3550 oiim
1811 3475 1932 3548 hic
1986 3495 2284 3585 propter
2318 3493 2593 3548 aetatem
2652 3476 2882 3549 adhuc
2936 3498 3313 3565 tenerams
3342 3501 3409 3553 a·
3528 3515 3537 3522 ·
3640 3457 3650 3468 ⁶

982 3571 1136 3668 pud
1173 3589 1614 3648 materteram
1650 3593 1790 3643 non
1838 3573 2015 3644 male
2056 3571 2227 3644 mlhi
2262 3591 2469 3667 agere
2502 3573 2867 3658 videatur,
2916 3574 3097 3650 alter
3128 3578 3309 3651 vero
3347 3598 3417 3648 a·

1027 3671 1130 3744 ¹ud
1205 3667 1529 3744 Duacum
1581 3669 1960 3740 multorum
1998 3668 2381 3742 amicorum
2430 3669 2925 3742 benevolentia
2978 3667 3410 3746 sustineatur.

1045 3767 1180 3840 iliae
1235 3783 1506 3850 autem,
1559 3775 2012 3857 generoque,
2066 3764 2189 3857 qui
2244 3763 2569 3838 Coloniae
2614 3783 2829 3860 agunt
2865 3819 2886 3852 ,
2936 3763 3057 3837 nifi
3108 3766 3413 3842 redufflz

983 3861 1193 3935 rebus
1245 3861 1733 3948 HollandicIS,
1785 3856 2151 3956 quomodo
2188 3859 2459 3933 consuli
2502 3883 2753 3956 queat,
2808 3883 2949 3934 non
3004 3859 3163 3936 satis
3194 3865 3413 3941 modo

978 3957 1190 4028 video
1223 4007 1246 4038 ,
1299 3956 1709 4053 nescioque,
1761 3979 1846 4029 an
1886 3957 1983 4030 ob
2014 3955 2199 4032 dedit
2214 3959 2449 4032 ionem
2490 3959 2669 4034 arcis
2694 3954 3137 4049 GaudenGS,
3184 3959 3413 4037 Ducit

979 4050 1373 4144 indignatio
1415 4077 1660 4128 contra
1701 4053 1901 4154 illurn
1939 4050 2312 4148 consopita
2358 4053 2460 4130 fit.
3429 4058 3433 4062 ’

1069 4146 1301 4244 Apud
1342 4149 1834 4230 Aibernotium
1875 4173 2055 4230 vero
2104 4151 2431 4232 instamus
2454 4199 2483 4240 ‚
2524 4171 2605 4231 ut
2650 4151 2917 4252 aliquid
2960 4151 3271 4253 responsi
3304 4153 3414 4230 su·

3280 4275 3419 4353 per
