3700 4884
217 373 230 380 ’
361 313 1046 502 EPISTOLAE'
1072 391 1252 492 AD
1307 393 1354 506 J
1356 393 1736 492 OACH.
1793 395 2513 520 HOPPERUM.
2556 397 2721 519 59'9

324 616 368 688 J
401 590 501 666 Et
543 595 876 688 quoniam
907 584 1128 688 ipsius
1194 582 1638 668 Eireellentia
1672 589 1818 667 mei
1862 590 2167 688 aliquam
2216 591 2411 666 tenet
2458 617 2721 666 memo·
2770 614 2779 647 τ

302 694 475 763 riam
501 703 550 776 ,1
577 713 648 763 te
679 707 1114 786 magnopere
1170 711 1446 764 oratum
1472 689 1739 772 velim,
1789 709 1872 762 ut
1934 695 1999 763 ei
2041 689 2499 784 provinciam·
2537 693 2769 767 hanc'

304 790 397 861 ab
439 788 666 881 Regia
686 785 1084 879 gMaiestate
1121 783 1416 860 delatam
1452 805 1614 858 meo
1644 788 1970 872 nomine,
2022 806 2207 862 cum·
2230 785 2720 882 obsequiorum

283 885 610 958 ‘omnium
630 932 654 968 ,
703 905 866 978 quae
901 881 1229 979 praestare
1273 903 1568 980 poter-⁹0,
1606 879 1869 956 humili
1934 882 2293 956 oblatione
2314 931 2325 940 ·
2346 905 2721 980 congratu-

301 983 472 1054 lere.
573 979 810 1054 Doleo
848 999 1076 1053 autem
1107 1003 1253 1053 non
1302 1003 1418 1053 eas
1447 979 1623 1052 mihi
1659 975 1794 1052 esse
1841 979 2027 1054 vires
2047 1027 2071 1063 ,
2120 999 2202 1052 ut
2244 976 2513 1066 officia,
2566 1001 2723 1077 quae

294 1079 418 1150 ille
467 1075 756 1150 fortasfis
818 1076 858 1148 a
921 1098 1033 1147 me
1069 1078 1416 1172 requiret,
1468 1078 1533 1148 ei
1592 1077 1993 1170 impendere
2043 1095 2301 1171 potero
2323 1127 2345 1162 ,
2412 1079 2487 1150 &
2538 1081 2724 1149 malo

300 1193 499 1247 certe
561 1174 766 1266 pedis
791 1171 1376 1265 :in·gra·vescente,
1439 1173 1562 1243 viic
1615 1187 1722 1242 am
1777 1173 1909 1243 lius
1957 1175 2065 1246 ad’
2100 1168 2386 1245 Curiam
2438 1176 2725 1268 prodire

289 1271 506 1343 valeo
577 1279 586 1286 '
631 1269 1064 1364 Hyan-enimi
1106 1267 1526 1342 Denne'terii
1575 1283 1704 1338 cau
1733 1291 1843 1339 am
1886 1319 1908 1355 ‚
1960 1288 2296 1364 quantum
2346 1271 2517 1341 mihi
2557 1271 2723 1344 iice-

289 1365 410 1438 bit
435 1418 457 1449 ,
506 1387 930 1458 promovere
959 1361 1296 1448 studeb0,
1343 1363 1458 1438 sed
1510 1361 1666 1436 sunt
1707 1363 1780 1436 in
1819 1368 2057 1439 nostra·
2097 1365 2315 1437 Curia
2362 1368 2715 1448 nonnullii,

227 1523 236 1530 .
289 1464 430 1556 qui
469 1461 560 1533 ad
609 1460 1014 1555 hujusmodi
1049 1458 1275 1533 officia
1325 1483 1510 1558 aegre
1561 1461 1842 1555 aliquos
1888 1475 2272 1558 prorepere
2298 1459 2565 1550 fiuant,
2596 1461 2720 1535 nifi

166 1614 182 1632 .
296 1581 394 1630 ex
443 1555 560 1630 sua
609 1557 1234 1648 commendatione.

395 1653 516 1726 De
553 1655 870 1727 Arnoldo
909 1651 1108 1747 (39)
1158 1671 1385 1726 autem
1423 1652 1518 1726 D.
1573 1651 1669 1726 T.
1714 1668 1917 1728 antea
1946 1650 2181 1747 scripfi
2204 1705 2224 1741 ‚
2278 1652 2355 1728 δι
2390 1653 2535 1726 hoc
2568 1652 2722 1726 Du-

296 1769 453 1822 cem
487 1771 694 1844 agere
737 1751 1056 1842 intelligo
1075 1801 1096 1836 ,
1146 1767 1227 1822 ut
1266 1747 1314 1822 fi
1373 1751 1939 1825 Courtewillium
1994 1751 2329 1824 reducere
2374 1769 2719 1844 nequeat,

195 1917 204 1924 .
299 1847 374 1918 in
421 1846 565 1942 ejus
607 1849 844 1936 locum
890 1846 1100 1916 alium
1149 1844 1507 1940 surroget,
1559 1848 1683 1942 qui
1735 1867 1922 1919 totus
1960 1846 2049 1918 ab
2086 1847 2261 1934 illo,
2308 1847 2411 1918 ob
2446 1844 2720 1933 causas,

295 1965 476 2036 quas
508 1941 662 2036 ipse
703 1951 936 2015 te'cum
977 1940 1290 2032 cogitare
1343 1943 1610 2034 poteris
1639 1986 1662 2026 ,
1709 1942 2129 2038 dependeat.
2236 1941 2721 2034 Quamobrem

297 2037 462 2110 cum
493 2040 692 2112 illum
723 2042 862 2133 jam
894 2038 1127 2106 multis
1168 2039 1367 2110 annis
1421 2038 1750 2129 cognoris
1773 2087 1793 2122 ,
1849 2036 1895 2107 fi
1951 2039 2538 2111 melancholicum
2596 2041 2724 2110 hu·

293 2155 568 2208 morem
623 2153 954 2208 excutere
994 2131 1259 2223 poterit
1291 2179 1313 2214 ,
1364 2133 1802 2204 retinendum
1853 2131 1985 2204 tibi
2034 2129 2320 2206 suadeo.
2572 2177 2581 2186 ·

399 2229 715 2304 Gavifus
745 2227 892 2301 sum
931 2229 1020 2298 de
1065 2225 1173 2300 Re
1226 2227 1310 2296 'ae
1344 2228 1876 2298 condonationis
1916 2229 2435 2315 declaratione,
2486 2247 2725 2301 exten-

293 2325 674 2420 fioneque3
708 2321 824 2396 sed
851 2326 939 2396 de
977 2337 1134 2395 eo·e
1199 2321 1354 2394 cetu
1384 2321 1679 2412 dubito,
1711 2345 1870 2395 cum
1904 2324 2295 2396 memineris
2322 2343 2410 2396 ex
2448 2345 2549 2398 1v.
2583 2321 2726 2398 for-

299 2423 513 2494 mulis
556 2419 598 2492 a
643 2418 850 2510 vobis
956 2415 1319 2512 ropofitis,
1369 2441 1514 2490 non
1558 2416 1780 2507 solum
1817 2420 1992 2490 nihil
2026 2420 2114 2492 de
2161 2417 2501 2491 sententia
2536 2425 2721 2515 prio-

295 2539 382 2627 re
431 2535 770 2592 mutatum
822 2539 858 2586 e
913 2535 952 2586 e
983 2565 1006 2599 ,
1059 2511 1176 2586 sed
1227 2538 1314 2589 ne
1365 2511 1522 2588 illas
1570 2515 1853 2610 quidem
1904 2512 2107 2589 nobis
2166 2511 2365 2590 fuiffe
2414 2539 2720 2590 commu-

302 2631 600 2685 nicatas.

277 2771 284 2780 .
395 2705 590 2802 Quae
636 2704 1004 2801 Anglicam
1063 2705 1690 2780 reconciliationem
1755 2703 2205 2800 impedierint
2242 2759 2265 2795 ,
2326 2705 2565 2802 postea
2616 2709 2719 2781 in·

296 2805 572 2898 telliges
614 2851 640 2888 ,
710 2801 784 2879 &
821 2799 964 2877 -scis
1039 2803 1556 2898 proverbium3
1616 2805 1691 2874 in
1743 2801 2167 2877 turbulentis
2226 2803 2422 2900 aquis
2470 2807 2715 2877 melius

295 2900 574 3000 piscari.
659 2922 674 2942 ¹
960 2923 979 2933 ⁴

401 2996 522 3072 De
573 2993 794 3090 gratia
835 2990 1010 3066 mihi
1057 2992 1098 3066 a
1135 2991 1494 3088 Maiestate
1527 2990 1643 3066 sua
1689 2991 2045 3087 impertita
2074 3045 2093 3078 ,
2143 2994 2321 3066 certi
2356 2994 2584 3066 adhuc
2616 2994 2717 3066 ni-

293 3089 403 3167 hil
430 3092 714 3176 babe03
762 3085 878 3162 sed
917 3093 1415 3184 cumprimum
1451 3087 1628 3160 Dux
1677 3087 1820 3160 huc
1856 3090 2201 3175 redierit,
2247 3107 2373 3162 aut
2413 3087 2561 3182 ipse
2599 3111 2713 3163 me

269 3188 768 3278 -Antverpiam
804 3188 1196 3271 revocarit,
1248 3183 1456 3258 statui
1489 3202 1648 3256 eum
1677 3185 1764 3258 de
1799 3207 1885 3261 eo
1931 3182 2237 3278 alloqui,
2288 3205 2431 3280 quo
2467 3183 2741 3281 Regiae,

287 3279 658 3378 Majessnti
685 3280 940 3374 gratias
981 3302 1190 3376 agere
1228 3303 1502 3374 queam.

395 3373 936 3460 Instruiiionum
969 3427 990 3462 ,
1053 3373 1741 3470 commiffionumque
1819 3375 2058 3470 copias
2092 3427 2115 3463 ,
2197 3394 2365 3470 quas
2426 3373 2713 3452 Duciffa

289 3470 684 3552 Parmensis
723 3469 1009 3556 habuit,
1061 3473 1150 3546 ad
1187 3489 1258 3543 te
1301 3473 1612 3558 mittam,
1663 3493 1819 3543 cum
1868 3471 2168 3566 primum
2204 3471 2539 3546 tabellarii
2583 3477 2715 3548 erit

265 3571 603 3672 'potestas
633 3619 656 3656 ,
730 3589 888 3638 nam
946 3563 1040 3640 fic
1091 3565 1355 3640 secreto
1401 3568 1792 3662 plerunque
1832 3565 2146 3641 cursores
2194 3569 2713 3664 expediuntur.

294 3691 376 3746 ut
438 3689 649 3748 nemo
722 3665 796 3736 id
848 3660 1019 3736 scire
1070 3665 1320 3736 valeat.
1439 3663 1648 3758 Quas
1688 3684 1917 3738 autern
1971 3660 2145 3736 Dux
2192 3664 2441 3734 habuit
2482 3713 2507 3748 ‚
2570 3662 2715 3734 111ae

277 3767 474 3840 ‘mihi
522 3773 664 3838 non
711 3757 910 3833 fuere
959 3762 1527 3850 communicatae3
1596 3745 1669 3835 δι
1731 3765 1925 3863 ajqnt
1977 3763 2173 3831 illum
2228 3757 2439 3827 libras
2504 3755 2716 3829 habe-

267 3855 426 3934 'nas
475 3859 775 3946 habere,
825 3879 906 3932 ut
941 3857 1027 3930 ad
1076 3858 1333 3932 nullam
1384 3857 1904 3931 instrustionem
1938 3875 2071 3949 per
2124 3847 2403 3946 Regem.
2444 3850 2715 3952 obliga·
2849 3909 2857 3917 ι

300 3977 430 4050 ωε,
466 3955 696 4030 fuerit.
2502 4045 2641 4124 Cer

2644 4067 2717 4124 te

273 4139 306 4248 2'
381 4181 552 4272 (39)
577 4181 928 4266 Amemus)
955 4187 1462 4268 nanneterius,
1485 4165 1736 4267 Ressius
1763 4134 2194 4266 secretarius
2218 4178 2405 4269 apud
2435 4177 2719 4268 joachi·

299 4285 492 4340 mum
537 4265 1000 4381 Hopperunu
1457 4345 1606 4446 ΟΕ
1627 4371 1742 4448 gg
1786 4336 1851 4426 ἢ.
2115 4343 2121 4350 .
2212 4343 2219 4352 .
