3700 4884
443 330 1125 433 EPISTOLAE
1194 331 1375 428 AD
1406 326 1839 445 JOACH.
1874 250 2598 432 HOP'PERUM
2657 320 2823 457 769

376 535 650 609 culum
684 536 1144 624 reducantur,
1192 533 1353 611 cum
1404 556 1699 609 annonae
1748 532 2304 632 commeatusque
2353 536 2644 634 penuria
2679 536 2824 633 jam

374 630 729 707 laborare
748 634 1143 727 incipiant,
1192 632 1481 729 agrique
1506 633 2002 727 circumquaqe
2032 632 2273 706 vastati
2308 630 2478 722 fint,
2529 656 2660 707 nec
2693 630 2815 721 fit,

374 728 607 802 unde
648 730 859 802 militi
908 727 1333 826 praefidiario
1355 726 1705 823 stipendia
1755 729 2025 821 aliaque
2079 725 2446 801 necess'aria
2499 728 2820 803 submini-

378 824 609 897 strari
644 826 914 919 poffint.
961 824 1133 898 Dux
1162 824 1497 905 aute-min
1528 820 1968 896 Bra-bantium
2004 824 2235 897 ,redire
2263 823 2522 913 fertur,
2558 848 2648 909 ,ιιι
2669 823 2816 899 suc·-
2847 848 2852 853 ·

378 922 665 993 ceffori
705 924 939 996 locum
984 918 1194 994 faciat
1220 968 1247 1006 ,
1306 918 1429 1015 qui
1457 973 1477 1008 ‚
1542 916 1665 991 etfi
1719 940 1974 1013 magno
2027 920 2258 993 animo
2308 924 2816 1016 voluntateque

378 1010 851 1113 Reipublicae
878 1038 1111 1089 curam
1150 1016 1472 1111 amplesti
1500 1012 1773 1089 studeat
1793 1070 1815 1105 ,
1838 1016 2044 1089 rebus
2073 1033 2310 1089 tamen
2338 1016 2659 1089 omnibus
2694 1039 2814 1113 pe·

382 1129 487 1183 ne
555 1114 943 1199 exhausti8‚
991 1114 1377 1185 timendum
1424 1111 1563 1197 est,
1612 1134 1699 1182 ne
1759 1114 1902 1187 hoc
1963 1110 2165 1207 poffit
2199 1114 2394 1208 quod
2426 1114 2663 1197 volet,
2713 1132 2814 1185 at·

384 1229 551 1301 que
588 1212 746 1294 hic,
795 1212 889 1280 rni
922 1206 1410 1291 Horreum,
1461 1203 1729 1281 fruffiua
1786 1208 1884 1282 est
1923 1208 2187 1281 tamdiu·
2223 1210 2419 1282 dilati
2452 1208 2766 1280 remedii.

508 1302 996 1393 ornatissimus
1028 1303 1144 1377 vir
1167 1300 1260 1375 D.
1283 1301 1596 1394 joannes
1628 1299 1949 1379 Richebe
1969 1353 1995 1388 ‚
2047 1308 2134 1396 (7
2160 1303 2202 1399 )
2229 1307 2350 1399 qui
2379 1301 2626 1401 Regiae
2659 1302 2812 1376 Ma·

376 1395 669 1493 jestatis
720 1399 1069 1495 Agentem
1119 1399 1191 1470 in
1230 1399 1407 1473 urbe
1460 1401 1695 1473 multis
1739 1401 1937 1473 annis
1985 1402 2170 1494 egit,
2219 1402 2309 1473 ab
2358 1424 2445 1475 eo
2492 1420 2810 1495 tempore

388 1518 563 1589 quo
612 1496 1032 1570 Secretarius
1096 1490 1497 1569 Doublioul
1538 1515 1857 1570 mortuus
1911 1493 2085 1583 fuit,
2185 1498 2439 1569 raviter
2477 1490 2598 1569 hic
2647 1516 2812 1567 cou-

452 1590 693 1664 uestus
722 1590 897 1676 fuit,
949 1588 1025 1663 &
1059 1587 1471 1664 solutionem
1506 1590 1855 1687 pensionis
1893 1588 2029 1663 suae
2053 1591 2123 1663 di
2173 1594 2355 1681 etri,
2405 1594 2479 1664 &
2508 1588 2814 1669 officium

424 1709 603 1760 uum
640 1686 729 1760 ab
766 1690 904 1760 alio
934 1686 1207 1759 invadi:
1256 1684 1445 1781 quasi
1480 1688 1559 1760 id
1581 1708 1808 1761 morte
1839 1685 2176 1783 Gregorii
2213 1688 2460 1784 Aya-lae
2491 1685 2640 1783 (8)
2689 1709 2810 1761 va·

391 1786 587 1857 carit
620 1834 643 1867 ,
710 1780 873 1857 cum
904 1782 1067 1879 ipse
1110 1782 1336 1879 Ayala
1374 1804 1729 1881 nunquam
1782 1783 2316 1857 commiflionem
2349 1784 2390 1857 a
2427 1782 2642 1858 Curia
2688 1804 2816 1857 no·-

390 1871 547 1951 stra
586 1878 945 1957 habuerit,
994 1872 1075 1948 &
1128 1897 1397 1951 tantum
1456 1902 1804 1953 novorum
1855 1876 2412 1974 Episcopatuum
2465 1881 2760 1977 negocia
2786 1930 2808 1965 ‚

394 1974 552 2045 una
586 1996 754 2047 curn
787 1969 1072 2045 castilio
1100 1970 1317 2047 fratre
1349 1972 1695 2049 Dostoris·
1719 1974 1864 2045 Del
1906 1972 1974 2045 R
2031 2000 2113 2063 ο,
2167 1977 2540 2061 direxerit,
2589 1977 2809 2047 altero

391 2071 863 2143 nihilominus
906 2069 979 2142 in
1030 2070 1513 2143 communibus
1570 2070 1821 2141 Patriae
1859 2092 1952 2141 no
2015 2093 2108 2142 1·ae
2157 2072 2468 2163 negociis
2501 2070 2812 2145 commis-

398 2163 669 2238 sionem
716 2166 1096 2248 retinente,
1146 2165 1251 2237 uti
1282 2184 1482 2239 antea
1514 2164 1786 2239 Ducem
1826 2162 2184 2254 nostrum,
2236 2164 2447 2263 super
2493 2188 2578 2238 ea
2610 2188 2686 2237 re
2719 2165 2810 2239 ab

398 2260 639 2355 Regia
671 2254 1037 2357 Majestate
1068 2260 1453 2335 consultum
1476 2315 1499 2348 ,
1544 2259 1944 2358 fignificass'e
1974 2262 2290 2335 arbitror.
2366 2260 2549 2335 Cum
2582 2282 2810 2333 autem

397 2382 615 2431 vetus
650 2358 825 2429 mihi
854 2352 937 2433 stt
972 2356 1271 2441 amicus,
1318 2378 1540 2430 meam
1576 2360 1782 2433 etiarn
1812 2376 2024 2453 opem
2051 2358 2498 2455 imploravit,
2546 2383 2635 2433 ne
2670 2380 2810 2453 qua

403 2456 658 2551 injuria
720 2448 1271 2549 privationisque
1326 2451 1605 2526 infamia
1640 2450 1972 2527 afficiatur

504 2550 724 2644 Junxi
769 2570 997 2623 autem
1045 2551 1322 2645 copiam
1372 2548 1689 2643 epistolae
1740 2546 2037 2645 ejusdem
2063 2600 2084 2632 ,
2155 2550 2228 2624 &
2273 2547 2655 2623 extraaum
2706 2572 2799 2623 ex

400 2642 827 2719 Rationibus
888 2644 1128 2718 Livini
1174 2646 1502 2718 Wouters
1570 2644 1992 2741 Receptoris
2052 2644 2418 2719 Generalis
2478 2644 2805 2719 financia·
2948 2699 2954 2705 -

402 2766 601 2829 rum,
652 2743 797 2835 quo
833 2732 926 2815 D.
962 2740 1052 2817 V.
1090 2742 1367 2837 plenius
1403 2738 2116 2837 intellestomegotiO,
2154 2744 2312 2815 viro
2343 2742 2540 2816 bono
2575 2740 2651 2815 δι
2685 2743 2800 2815 be·

406 2862 498 2912 ne
553 2839 805 2911 merito
860 2834 1175 2909 favorem
1228 2858 1513 2932 quoque
1565 2837 1760 2910 suum
1820 2837 2163 2933 impartiri
2223 2861 2362 2910 non
2429 2860 2800 2935 gravetur,

405 2936 516 3007 uti
550 2935 748 3009 enixe
800 2932 885 3005 ab
941 2930 1035 3006 D.
1084 2932 1177 3006 T.
1218 2932 1519 3027 postulo.
1618 2932 1986 3028 Inquietor
2035 2933 2322 3007 subinde
2372 2936 2806 3026 quorundam

404 3030 776 3127 precibus,
826 3050 901 3101 ut
929 3027 1473 3124 supplicationes
1518 3026 2030 3123 petitionesque
2065 3051 2302 3101 eorum
2344 3027 2439 3100 D.
2475 3026 2564 3099 V.
2613 3048 2804 3100 com·

404 3127 771 3209 mendem,
835 3127 1031 3218 quod
1082 3124 1525 3197 humanitatis
1572 3120 1890 3195 officium
1939 3124 2072 3193 illis
2115 3146 2225 3195 me
2268 3123 2614 3217 denegare
2659 3144 2809 3196 non

406 3222 752 3317 permittit
772 3270 797 3307 ,
820 3221 1012 3315 quod
1044 3219 1115 3291 in
1144 3218 1399 3293 bonam
1430 3240 1709 3314 partem
1723 3220 2036 3313 accipere
2059 3216 2158 3291 D.
2190 3214 2285 3291 V.
2317 3220 2523 3293 velim
2542 3272 2570 3310 ,
2587 3238 2806 3317 prout

2670 3340 2814 3414 ego

495 3504 619 3590 (7)
662 3504 935 3590 Joannes
964 3504 1248 3592 Richeba]
1292 3504 1692 3575 canonicus
1722 3504 2229 3584 AtrebateniiS,
2275 3504 2348 3574 δι
2382 3504 2816 3593 Praepofitus.

409 3590 525 3659 Ad
562 3592 740 3657 hanc
792 3590 1205 3675 dignitatem
1248 3588 1556 3659 admistus
1608 3588 1741 3655 fuit
1800 3608 1930 3673 per
1987 3590 2510 3687 resignationem
2544 3593 2818 3675 Joanms·

409 3673 479 3738 de
522 3672 721 3760 Rosa,
780 3672 854 3743 &
914 3672 1001 3741 ad
1054 3672 1391 3759 Principis
1435 3673 2022 3749 nominationem,
2062 3674 2175 3739 dte
2236 3690 2348 3753 23.
2388 3674 2573 3758 Juuii
2620 3679 2814 3755 1556.

406 3756 563 3853 Fuit
600 3776 876 3855 quoque
921 3754 1318 3825 Canonicus
1358 3756 1707 3843 Brugenfis
1727 3756 2052 3858 Ecclesiae
2091 3754 2522 3825 cathedralis
2559 3756 2630 3823 S.
2659 3758 2810 3827 Do-

408 3856 665 3989 affl
678 3837 1337 4003 bssssffieoefifflss'·
1344 3838 1993 3993 Jffipjnssficfffdlffii.
2007 3837 2475 3991 {afflss‘fflf
2528 3840 2654 4011 {³32}
2671 3842 2816 3995 ’ἶὲἐῖ

374 4004 455 4089 ·s.
513 4004 691 4070 Pium
750 4006 833 4073 V.
882 4006 957 4075 δι
1017 3988 1378 4090 drogonum
1418 4006 1630 4073 ΧιῙι.
1702 4002 1856 4072 Viae
1911 4003 2090 4071 Gan.
2137 4004 2352 4092 christ.
2395 4006 2560 4078 Tam.
2591 4024 2651 4090 3.
2694 4010 2809 4075 σοι.

405 4092 555 4172 361.
598 4088 669 4156 Θ
703 4086 913 4172 Comp.
958 4090 1234 4159 chronol.
1287 4091 1345 4157 E
1384 4090 1493 4177 ist.
1536 4086 1820 4173 Bnugens.
1855 4102 1928 4172 p.
1977 4106 2050 4153 12
2066 4107 2132 4171 9.

481 4168 607 4257 (8)
657 4166 983 4255 Gregorius
1016 4173 1273 4263 Ayala]
1328 4108 1419 4245 G.
1458 4172 1758 4333 Sup.Ead
1791 4168 1998 4255 Epist.
2042 4188 2266 4248 Lxxx.
