3700 4884
428 355 1080 457 EPISTOLAE
1136 354 1315 449 AD
1369 354 1797 468 JOACH.
1850 347 2584 459 ‘HOPPERUM
2624 368 2793 483 369

868 565 1890 662 EPISTOLA
2002 570 2313 661 xll.

399 780 665 895 Super
728 768 1098 895 rqs'ponss'
1129 806 1233 865 ex
1280 774 1688 897 Hypanin
1750 799 2085 869 venturo
2114 840 2145 885 ‚
2202 778 2609 897 stgnficat
2654 782 2800 899 effi·

507 922 884 1011 magnam
909 898 1538 1008 expectationem
1555 890 1810 1007 suam
1831 954 1860 995 ,
1912 912 2003 979 at
2060 924 2160 981 ue
2187 893 2533 1011 Ducg'ffae
2576 896 2799 1000 Par-

506 1006 828 1116 menfis:
881 1034 1062 1123 quae
1091 1027 1396 1119 praeter
1407 1005 1748 1123 Jblitum
1787 1003 1903 1106 ‚69⁹
1930 1037 1984 1091 u
2021 1032 2181 1121 que
2214 1010 2329 1095 ad
2356 1014 2747 1099 invidiam
2766 1071 2797 1116 ,

505 1129 684 1235 ejus
727 1115 1021 1209 utitur'
1047 1116 1398 1227 confiliis.
1513 1116 1804 1210 Etiam
1861 1138 2109 1236 atque
2168 1126 2413 1211 eti-am
2469 1132 2693 1239 cupit
2746 1154 2801 1211 α

506 1260 838 1325 munere
887 1231 1245 1321 liberari.
2424 1260 2431 1271 ·

567 1440 715 1517 Um
747 1443 906 1530 hic,
969 1438 1418 1515 Horren
1467 1440 1620 1517 CL.
1673 1438 1878 1514 vobis
1929 1440 2249 1517 omnibus
2282 1440 2531 1525 jsthuc
2584 1442 2800 1519 inter-

617 1540 876 1613 distum
923 1536 1202 1625 dicant,
1271 1560 1360 1612 ne
1407 1540 1578 1634 quid
1642 1540 1732 1612 ad
1789 1560 1919 1611 nos
1970 1540 2329 1614 literarum
2377 1541 2597 1629 detis,
2664 1564 2805 1637 ego

391 1654 536 1705 una
587 1658 752 1709 cum
803 1636 1074 1709 caeteris
1136 1656 1575 1710 communem
1626 1633 1882 1708 sortem
1935 1656 1994 1707 ae
2047 1660 2139 1709 uo
2206 1638 2438 1711 animo
2487 1636 2809 1732 perferre

391 1749 615 1823 cogor
636 1784 659 1821 ,
707 1730 1022 1826 faxitque
1059 1728 1352 1815 Dssus,
1377 1750 1456 1802 ut
1479 1733 1662 1805 hanc
1696 1753 1959 1803 moram
2018 1734 2471 1827 dentiumque
2496 1734 2805 1807 vestrum

397 1827 590 1902 bono
665 1831 901 1921 aliquo
970 1824 1259 1900 consilio
1328 1829 1775 1923 remedioque
1857 1851 2095 1902 rerum
2158 1829 2539 1903 nostrarum
2608 1854 2801 1905 com·

331 1976 338 1981 -
395 1924 735 2019 pensetur.
839 1922 920 2001 In
955 1942 1214 2018 quanta
1234 1945 1484 2019 'utem
1520 1921 2009 2020 expectatbne
2042 1924 2397 2001 versemur
2452 1927 2527 1999 id
2587 1906 2687 1999 ex*
2719 1927 2800 1998 li·-

395 2022 564 2093 teris
601 2018 962 2107 Duciss'ae,·
994 2041 1154 2113 quae
1188 2018 1461 2093 abunde
1513 2022 1762 2095 statum
1800 2017 2009 2117 Reip.
2057 2021 2413 2105 indicant,
2465 2022 2799 2118 colligere

267 2200 279 2209 ⁸
397 2119 688 2213 poteris.
790 2116 990 2191 Meae
1035 2136 1262 2189 autem
1315 2118 1612 2211 privatae
1655 2140 1766 2190 res
1811 2118 1953 2189 hoc
2010 2115 2169 2191 sunt
2225 2116 2808 2214 periculosiores,

398 2214 596 2307 quod
633 2230 890 2309 praeter
918 2210 1232 2309 solitum,
1281 2212 1356 2285 &
1385 2233 1608 2306 usque
1654 2214 1744 2283 ad
1787 2212 2083 2307 aliorum
2136 2214 2511 2301 invidiam,
2574 2214 2803 2309 indig-

400 2308 934 2401 nationemque,
987 2304 1348 2378 Celfitudo
1393 2304 1513 2379 sua
1549 2328 1782 2381 meum
1839 2304 2199 2381 consilium
2258 2310 2333 2399 iu
2386 2311 2593 2385 rebus
2659 2310 2805 2385 istis

401 2406 770 2501 perplexis
803 2402 1071 2496 expetit
1097 2452 1118 2485 ,
1168 2420 1384 2498 mem
1421 2421 1653 2476 tamen
1681 2404 2011 2498 proximo
2060 2404 2343 2479 biennio
2381 2430 2525 2501 quo
2560 2404 2803 2483 favore

399 2498 780 2597 prosecuta
809 2498 937 2585 fit,
987 2518 1061 2571 te
1092 2521 1296 2571 nemo
1329 2499 1582 2571 melius
1603 2500 1804 2575 novit
1831 2524 1857 2583 3
1905 2496 2113 2595 spero
2149 2521 2416 2589 autem,
2468 2500 2628 2577 cum
2662 2501 2802 2577 cae·

385 2598 568 2687 ‘teris
606 2596 815 2670 rebus
852 2595 1120 2687 aliquid
1169 2592 1328 2667 Rex
1377 2594 1885 2669 constituturus
1946 2592 2029 2669 fit
2048 2646 2081 2683 ‚
2148 2598 2285 2670 mei
2330 2598 2541 2672 etiarn
2591 2600 2803 2673 ratio-

401 2716 564 2769 nem
599 2692 1005 2776 habiturus,
1056 2688 1130 2763 &
1161 2684 1394 2786 figiuis
1413 2742 1446 2775 ,
1485 2688 1942 2787 Praefidisque
1976 2696 2259 2767 nomine
2293 2716 2405 2767 me
2437 2694 2648 2768 semel
2678 2694 2803 2787 ab·

403 2788 792 2879 soluturus,
841 2784 1002 2863 cum
1039 2810 1181 2858 non
1235 2809 1578 2885 congruat
1611 2788 1769 2861 viro
1811 2786 2303 2863 Ecclefiastico
2358 2791 2434 2863 in
2476 2792 2617 2865 istis
2658 2812 2804 2865 tur·

389 2886 514 2981 ‚bis
553 2888 880 2980 longine,
926 2881 1370 2980 consiliisque
1393 2933 1418 2971 ‚
1471 2906 1630 2981 quae
1659 2885 1784 2956 vix
1813 2883 1955 2957 fine
1988 2882 2314 2981 sanguine
2376 2886 2819 2983 componen-⁴

405 3002 562 3067 tur,
611 2980 904 3069 versari,
951 2976 1212 3053 etiamsi
1248 3000 1410 3053 aetas
1445 2980 1917 3074 valetudoque
1951 2978 2207 3066 ferret,
2255 2986 2453 3077 qu‘us
2489 2984 2803 3078 quotidie

385 3077 850 3153 ‘incommoda
883 3074 1217 3152 crescunt.
1321 3074 1804 3173 Quamobrem
1839 3099 1919 3151 tu
1940 3126 1971 3161 ,
2015 3098 2355 3171 quantum
2370 3102 2493 3152 me
2520 3078 2759 3174 diligis
2780 3128 2815 3166 ,

408 3194 680 3249 tantum
719 3174 1018 3268 adjuva,
1066 3196 1147 3247 ut
1189 3170 1316 3244 isto
1365 3172 1656 3269 pistrino
1703 3168 1984 3247 liberer.
2068 3171 2077 3181 '
2696 3264 2707 3273 .

503 3268 719 3343 ‘Uxor
745 3268 1144 3365 familiaque
1184 3287 1304 3339 tua
1351 3266 1583 3343 adhuc
1613 3266 1904 3342 Goudae
1961 3268 2233 3355 haeret,.
2289 3292 2415 3360 ac,
2470 3290 2807 3367 quantum

385 3360 799 3460 'intelligere
837 3364 1148 3459 possum,
1203 3361 1362 3441 satis
1395 3366 1571 3439 bene
1609 3367 1844 3452 valet,
1900 3384 2235 3461 tuasque,
2300 3387 2385 3441 ut
2425 3366 2610 3465 ipse,
2662 3390 2807 3442 cre·

405 3464 682 3539 briores
723 3464 958 3535 literas
991 3478 1301 3555 exoptat.

510 3558 761 3655 Nuper
794 3577 1026 3633 autem
1053 3611 1072 3645 ,
1121 3555 1192 3629 id
1233 3555 1330 3630 est
1376 3579 1496 3631 xx.
1547 3552 1664 3631 di’e
1716 3556 1919 3651 Julii,
1966 3557 2191 3632 allatae
2226 3554 2389 3633 sunt
2428 3558 2600 3633 mihi
2656 3560 2811 3634 lite-

410 3678 548 3742 rae,
597 3678 772 3751 quas
793 3710 814 3737 ,
861 3675 1011 3729 xvr.
1061 3652 1324 3748 Aprilis
1343 3650 1680 3727 Pictaviae
1711 3675 1806 3727 ex
1836 3655 2085 3727 itinere
2114 3676 2431 3729 exaratas
2450 3707 2487 3743 ,.
2526 3658 2615 3730 ad
2644 3678 2813 3751 qua-

413 3774 568 3827 rum
625 3748 976 3847 aspestum
1038 3750 1406 3838 exultavi,
1452 3747 1730 3849 sperans
1781 3752 2251 3841 recentiores,
2298 3748 2472 3840 sed,
2522 3752 2647 3849 vbi
2708 3754 2815 3825 in-

386 3846 651 3946 ‚spexi‚
684 3846 1101 3932 ‚frustratum
1143 3868 1252 3926 me
1301 3845 1424 3941 spe
1475 3868 1630 3921 mea
1677 3848 1961 3945 agnovi.
2054 3846 2319 3921 Precor
2362 3844 2687 3936 Duum,
2736 3870 2831 3923 ut·

411 3936 663 4021 reddat
691 3944 892 4019 nobis
925 3945 1227 4042 aliquam
1257 3940 1736 4031 serenitatem,
1761 3946 2019 4041 detque
2040 3940 2279 4019 saltem
2304 3998 2325 4035 ‚
2374 3966 2453 4019 ut
2496 3967 2823 4031 mutuum

387 4034 760 4137 *scribendi
793 4038 1142 4129 officium’,
1164 4037 1370 4135 juxta
1395 4062 1703 4118 veterem
1723 4039 2324 4137 consuetudinem,
2374 4040 2591 4121 libere
2620 4044 2832 4121 obire
2906 4124 2917 4135 ‚

415 4134 760 4247 pollimus.
811 4134 1009 4215 Vale.
1065 4156 1220 4241 1115
1273 4134 1598 4237 Augusti.
1651 4156 1772 4215 cra
1819 4158 1893 4213 ιο
1945 4158 2149 4218 var.

1588 4326 1909 4425 ·Aaa3
2598 4322 2840 4407 1:1⁵1-
