3700 4884
30 4233 31 4246 ⁴
26 4060 36 4127 *cr
25 3938 26 3941 „
23 2734 35 3887 -—-„-——-———---——-—-———-—-——-—
23 2332 44 2703 --———-'—-<-
25 2236 27 2279 -
25 2176 28 2195 -
23 2038 28 2144 —-
25 2000 28 2011 -
25 1862 28 1879 -
25 1810 30 1829 -
25 1710 27 1717 -

395 435 410 448 ·
475 335 1152 506 EPISTOLAE'
1183 406 1360 500 An
1391 391 1822 518 JOACH.
1860 406 2574 554 HQPPERUM.
2639 423 2804 528 849

307 627 343 662 κ
405 604 662 680 habere
709 627 1080 699 cogamur,
1129 603 1911 701 Antv'erpianorumque
1939 628 2019 678 ac
2042 601 2651 681 Mechlinienfium
2676 625 2809 678 nou

404 719 616 776 terret
651 704 1074 796 exemplum.
1664 735 1674 745 ·

501 797 790 870 Utinam
828 800 1020 891 quod
1065 795 1390 870 adversus
1421 795 1822 894 Zelandiam
1861 818 2200 886 tentatur,
2248 798 2571 874 succedat
2594 848 2617 882 ,
2640 817 2798 870 nam

396 895 472 966 in
505 891 888 966 Hollandia
925 896 1096 965 nihil
1129 894 1267 965 hoc
1315 916 1503 964 anno
1533 893 1628 964 ob
1677 893 2031 967 adversam
2076 897 2165 968 D.
2210 897 2301 968 ab
2339 891 2640 987 Hierges
2674 915 2796 963 va-

393 990 775 1064 letudinem
795 1040 818 1075 ,
869 1013 950 1062 ac
985 993 1412 1061 imminentes
1455 988 1658 1060 nobis
1693 992 2006 1085 pluvias,
2056 989 2311 1088 profici
2342 988 2533 1084 posse
2570 987 2795 1082 spera·

397 1095 573 1159 mus.
673 1085 1110 1158 Veneramus
1180 1087 1557 1179 aliquando
1617 1088 1690 1156 in
1736 1087 1929 1178 spem
1980 1090 2277 1184 aliquam
2330 1086 2617 1159 Goudae
2660 1107 2791 1179 po-

395 1183 702 1265 tiundae‚
753 1183 828 1255 &
863 1184 1292 1278 castellanus
1327 1203 1545 1275 gener
1589 1180 1683 1252 D.
1723 1181 1809 1252 V.
1848 1182 1989 1275 jam
2036 1208 2144 1255 me
2192 1201 2507 1278 rogarat,
2560 1203 2637 1253 ut
2672 1181 2790 1252 ad-

388 1279 586 1374 jutor
611 1276 748 1352 effe
787 1279 1072 1362 vellem,
1123 1280 1270 1372 quo
1305 1279 1390 1349 ad
1440 1299 1664 1364 arcem
1697 1275 1966 1350 restitui
2001 1277 2241 1374 poffet.
2318 1280 2401 1350 In
2444 1301 2586 1374 quo
2620 1299 2787 1370 ope-

391 1397 537 1446 ram
601 1394 821 1446 meam
859 1372 1228 1446 defiderari
1283 1395 1424 1443 non
1457 1393 1768 1469 paterer,
1815 1372 1863 1445 fi
1896 1377 2207 1449 viderem
2255 1377 2613 1468 impetrari
2648 1375 2788 1444 hoc

387 1461 581 1565 pt'ffl'e
611 1521 631 1553 ,
685 1487 804 1542 aut
853 1469 1058 1541 rebus
1108 1467 1274 1563 ipfis
1329 1471 1712 1556 convenire
1748 1522 1769 1555 ,
1818 1492 2113 1564 propter
2165 1495 2247 1544 ea
2302 1495 2460 1564 quae
2508 1474 2645 1564 jam
2692 1467 2781 1542 ad
2920 1532 2926 1543 ‚

387 1587 518 1638 vos
553 1568 721 1639 olim
758 1563 884 1638 scri
942 1563 986 1636 fi
1009 1615 1033 1650 ,
1079 1589 1166 1638 ac
1197 1565 1504 1640 diversos
1537 1568 1805 1660 aliquot
1837 1567 2225 1639 nostrorum
2262 1566 2619 1640 hominum
2652 1565 2780 1636 hu·

387 1681 614 1734 mores
649 1711 674 1747 ,
742 1683 888 1755 prae
917 1663 1117 1734 ertim
1163 1683 1449 1748 eorum,
1500 1665 1620 1757 qui
1667 1685 1754 1736 ex
1787 1665 2186 1736 turbulento
2234 1661 2545 1737 Confilio
2584 1659 2781 1746 sunt,

387 1759 468 1832 δι
507 1759 594 1832 de
631 1757 840 1830 rebus
876 1757 1140 1830 bellicis
1164 1757 1506 1852 judicium
1543 1755 1668 1830 ssbi
1700 1760 2127 1841 attribuunt,
2178 1762 2300 1852 qui
2351 1758 2779 1831 deditionem

246 1893 278 1904 α
387 1851 744 1946 Ῥτωεὶίἃω
771 1855 946 1926 arcis
993 1854 1548 1935 calumniantur,
1597 1877 1681 1928 ac
1711 1853 1947 1928 'fratris
1984 1876 2265 1949 quoque
2300 1855 2607 1940 invidia,
2658 1856 2782 1947 qui

386 1952 463 2020 in
525 1951 1146 2022 communicatione
1197 1948 1700 2044 pacificationis
1765 1950 2038 2036 habita,
2090 1949 2357 2022 causam
2414 1950 2783 2022 rebellium

379 2043 664 2118 fortiter
687 2047 1201 2140 propugnavit,
1251 2047 1444 2117 illum
1485 2067 1797 2140 gravant.
1898 2046 2379 2139 Quamobrem
2414 2045 2515 2117 D.
2546 2045 2633 2117 V.
2660 2069 2779 2118 co·

367 2140 604 2235 gitare
634 2143 908 2236 potest,
957 2139 1007 2212 fi
1043 2143 1230 2236 apud
1265 2138 1829 2214 Gubernatorem
1884 2143 2187 2214 nostrum
2227 2143 2445 2215 lenire
2482 2144 2620 2214 hoc
2659 2143 2779 2213 ali*

382 2259 528 2331 quo
573 2238 787 2311 modo
833 2237 1070 2330 polilt,
1123 2259 1286 2322 aut,
1335 2237 1530 2332 quod
1587 2261 1722 2332 ego
1758 2242 1975 2329 magis
2006 2235 2399 2320 suaderem,
2449 2235 2497 2309 fi
2531 2242 2617 2310 de
2656 2241 2777 2310 ali⁴

377 2353 524 2502 2:¹2³
570 2336 706 2406 alio
741 2333 974 2410 officio
1009 2334 1388 2428 providere
1421 2335 1522 2404 illi
1553 2333 1774 2428 poffit.
1841 2333 2035 2406 Bene
2070 2335 2263 2423 vale,
2316 2333 2463 2409 Ho
2486 2355 2772 2408 PPERE.

413 2439 419 2446 '
517 2481 536 2502 .
571 2427 938 2504 Bruxellae.
973 2448 1118 2528 xvi.
1168 2425 1626 2526 Septembris.
1667 2449 1790 2504 cm
1837 2447 1911 2502 ιο
1960 2449 2169 2507 LxxV.
2364 2463 2373 2472 ⁸

719 2590 1734 2770 EPI'STOLA
1853 2608 2413 2738 CCLVI.

374 2862 484 2954 In
521 2859 966 2952 Hollandia
1007 2862 1215 2953 nihil
1227 2863 1468 2980 succe
1521 2887 1582 2954 tt
1628 2863 1721 2952 ob
1766 2865 2187 2982 adversam
2225 2864 2769 2953 valetudinem

373 3045 384 3054 -
488 2976 694 3067 Dm‘.
769 2977 872 3065 ab
941 2977 1313 3094 Hietges.
1485 3010 1536 3063 n
1629 2978 1746 3068 Z
1732 2980 2046 3066 claudia
2033 2978 2309 3180 Dfatt's
2380 2977 2764 3092 prospere

479 3103 740 3180 adum
765 3147 792 3192 ‚
849 3089 973 3179 X
963 3096 1238 3178 irixea*
1266 3095 1770 3208 recuperasti.
1816 3092 2007 3206 Jac.
2118 3089 2643 3200 ,avenniensis
2677 3092 2769 3178 It·-

377 3255 384 3260 ·
485 3202 620 3291 bri
709 3233 945 3320 eogra
1009 3203 1161 3292 hici
1208 3207 1474 3291 redem
1535 3210 1601 3290 n·
1621 3234 1647 3306 3
1671 3227 1865 3320 opus
1884 3203 2109 3318 Rege
2128 3206 2475 3320 dignum.
2515 3201 2767 3314 Drosl

457 3234 768 3432 sarffits
787 3319 884 3402 de
1021 3319 1267 3430 uyden
1302 3323 1384 3402 in
1419 3228 1895 3426 Glssustorum
1924 3347 2205 3403 manus
2224 3319 2519 3408 incidit.
2576 3313 2765 3404 Moe

483 3431 692 3519 lin‘aei
719 3457 956 3518 mors.
1072 3429 1378 3544 Bajas,
1433 3432 1766 3536 decanus
1799 3427 2175 3520 Lovam'i.
2282 3495 2301 3534 .-

494 3655 628 3730 0st
651 3659 882 3730 literas
905 3676 1052 3730 tuas
1074 3708 1096 3742 ‚
1127 3655 1286 3732 CL.
1325 3656 1416 3728 D.
1449 3654 1899 3732 ‘Horrssu
1919 3710 1940 3746 ,
1966 3681 2139 3754 quas
2176 3651 2763 3750 v1.vigefi1'naque

539 3754 837 3850 Augusti
881 3754 970 3826 ad
1009 3777 1119 3825 me
1159 3753 1448 3836 dedisti,
1497 3753 1987 3850 superioreque
2025 3754 2249 3826 mense
2282 3754 2564 3844 accepi,
2614 3757 2762 3824 nul·

365 3849 457 3922 1ae
507 3851 677 3923 mihi
734 3852 884 3922 aliae
935 3850 1224 3944 perlatae
1271 3847 1596 3934 fuerunt,
1641 3871 1899 3943 praeter
1933 3873 2045 3922 eas
2084 3873 2257 3942 quas
2292 3869 2388 3919 ιν.
2444 3845 2765 3941 Septem-

363 3944 514 4022 bris
573 3947 664 4020 ad
713 3969 824 4018 me
858 3942 1237 4042 scripsisti,
1289 3965 1710 4040 quamquam
1741 3945 2227 4029 intellexerim,
2284 3943 2555 4037 aliquot
2609 3967 2767 4016 cur-

365 4039 558 4118 sores
601 4045 868 4114 interea
909 4043 1050 4112 huc
1081 4037 1472 4127 adveniss'e,
1521 4040 2009 4135 literarumque
2052 4037 2417 4116 fasciculos
2450 4039 2761 4113 attulisse.

365 4133 634 4216 Verum
675 4138 848 4210 nihil
877 4137 1048 4209 mihi
1076 4135 1409 4212 haetenus
1445 4157 1693 4212 ,earum
1735 4138 2319 4210 communicatum
2358 4133 2534 4221 fuit,
2586 4135 2766 4208 &ab

361 4229 814 4309 Illusttiffimo
855 4231 1352 4309 Gubernatore
1403 4233 1636 4312 nostro
1685 4234 1917 4308 adhuc
1966 4235 2173 4312 certis
2222 4235 2311 4309 de
2342 4232 2563 4309 causis
2596 4232 2768 4303 deti*

1385 4325 1593 4425 Ppp
1641 4349 1761 4425 pp
1816 4351 1857 4423 3
2623 4325 2775 4400 neri
