3700 4884
371 266 1066 447 EPISTOL⁰AE
1117 342 1300 442 AD
1355 341 1789 460 JOACH.
1847 257 2570 456 HQPPERUM.
2600 371 2767 471 755

354 545 532 624 Dux
563 546 878 622 Albanus
905 541 1243 618 versetur.
1340 541 1582 636 Atque
1637 541 1825 637 apud
1876 537 2280 636 Trajechxm
2316 541 2546 618 Mosae
2590 541 2763 618 Dux

355 645 665 722 Medinae
725 645 989 716 interea
1021 646 1289 725 haeret,
1335 661 1568 712 rerum
1625 635 1901 710 suarum
1950 638 2275 726 incertus.
2548 684 2557 692 -

447 741 610 834 Jam
636 761 814 816 veto
849 737 1223 812 nunciatur
1269 757 1356 806 ex
1393 733 1805 808 Mediolano
1865 735 2242 806 adventare
2296 733 2760 810 Commenda-
2899 758 2908 770 ·

353 861 470 916 tor
505 833 734 932 Major
768 831 1087 925 Castellae
1105 882 1130 919 ,
1181 827 1414 906 nescio
1437 851 1598 902 cum
1625 829 1878 920 quibus
1912 831 2273 902 mandatis,
2368 827 2759 928 Rogandus

352 957 588 1009 autern
612 931 829 1006 nobis
861 929 958 1003 est
991 928 1059 999 D
1085 950 1248 1001 aus
1297 923 1804 1002 ut,Triumviri
1834 921 1945 996 isti
1992 925 2460 1002 concordibus
2514 929 2761 1004 animis

352 1055 441 1108 ex
481 1023 672 1106 hisce
723 1022 1238 1101 calamitatibus
1302 1043 1430 1094 nos
1467 1021 1781 1115 eripiant.
1922 1032 1927 1040 '
2072 1029 2077 1036 ’

451 1127 572 1202 De
600 1124 904 1221 pecunia
933 1139 1054 1194 tua
1097 1119 1274 1212 quid
1318 1117 1544 1190 nostra
1588 1115 1988 1190 sollicitudo
2041 1113 2391 1208 effecerit,
2448 1143 2539 1194 ex
2580 1119 2755 1194 Cor·
2901 1151 2906 1154 ·

350 1225 528 1299 nelii
584 1223 691 1296 tui
757 1219 976 1314 literis
1033 1215 1420 1310 intelligere
1469 1211 1762 1307 poteris.
1861 1211 2159 1286 Novum·
2202 1215 2434 1288 autem
2466 1215 2765 1298 ‚habene

351 1315 869 1396 exeusationem
899 1309 996 1386 ob
1031 1307 1420 1400 Quaestoris
1455 1306 2021 1385 confiscationum
2040 1309 2255 1396 officii
2268 1313 2711 1386 vacationem
2734 1296 2769 1400 ,Γ

356 1415 560 1514 quod
589 1433 798 1488 nemo
827 1406 1144 1484 lubenter
1173 1402 1392 1488 subit,
1497 1428 1742 1501 ropter
1776 1401 2031 1500 Vargae
2060 1405 2567 1482 morositatem..
2596 1407 2767 1484 Nec

211 1529 224 1536 ·
353 1514 542 1587 ullus
576 1529 716 1584 tam
740 1507 888 1580 cito
935 1503 1188 1579 obolus
1227 1502 1318 1576 ad
1347 1500 1618 1576 Ficum
1667 1505 2029 1597 pervenit,
2078 1504 2253 1598 quin
2298 1505 2371 1575 in
2406 1505 2573 1578 alias
2636 1528 2765 1578 ne..

351 1607 688 1684 eeffitates
723 1601 1150 1698 abripiatur,
1200 1593 1451 1674 frustra
1475 1597 1893 1694 ejulantibus
1940 1598 2066 1685 iis,
2115 1597 2369 1694 quibus
2442 1601 2761 1674 redditus

356 1703 696 1798 dotesque
742 1697 954 1794 super
994 1696 1202 1771 bonis
1263 1691 1687 1783 confiscatis,
1731 1697 1869 1788 jam
1914 1696 1985 1766 in
2022 1695 2300 1790 aliquot
2354 1718 2573 1768 annos
2628 1699 2761 1770 ini-

357 1824 498 1898 que
563 1799 994 1873 detinentur.
1097 1789 1436 1866 Oblatum
1503 1812 1736 1864 autem
1795 1787 2099 1864 officium
2162 1791 2236 1868 id
2294 1791 2429 1865 fuit
2498 1791 2765 1866 Livino

359 1894 709 1971 Walterio
733 1941 758 1979 ,
803 1889 922 1964 sed
955 1891 1016 1960 is
1050 1889 1250 1960 nullo
1278 1884 1490 1980 pacto
1521 1886 1766 1960 induci
1808 1887 2049 1981 potuit
2080 1904 2157 1957 ut
2204 1884 2607 1982 susciperet,
2660 1910 2765 1962 at-

359 2014 500 2088 que
527 2010 690 2065 ante
731 1981 1042 2062 triduum
1076 1981 1430 2057 subitanea
1457 2003 1678 2057 morte
1733 1982 1943 2054 nobis
1982 1998 2263 2075 ereptus
2312 1979 2472 2056 fuit.
2572 1985 2619 2076 J
2624 2007 2767 2058 am-

360 2112 508 2186 que
539 2087 628 2162 de
668 2107 757 2158 eo
783 2076 1216 2173 suscipiendo
1259 2075 1771 2152 cum=Antonio
1815 2077 2119 2170 DeIryo·
2152 2075 2486 2152 Doftoris
2522 2078 2766 2154 Ludo-

357 2185 508 2262 vici
531 2179 868 2279 patruele
911 2177 1178 2271 agitur,
1225 2169 1344 2246 sed
1382 2171 1578 2248 illum
1609 2175 1818 2246 etiam
1853 2191 2119 2247 terrent
2148 2169 2441 2268 vestigia
2478 2175 2769 2252 Martini

359 2298 510 2369 mm
535 2294 618 2359 nc
641 2287 976 2368 metune)
1021 2270 1214 2364 cujus
1279 2266 1586 2341 defunsti
1691 2271 1897 2363 apyri
1946 2264 2383 2362 rationesqne
2437 2295 2677 2346 omnes
2727 2275 2771 2348 ὲ

361 2373 676 2453 Confino
748 2369 1154 2445 turbulento
1199 2384 1570 2457 occupatae
1625 2288 1844 2440 aere.
1944 2361 2419 2452 Quamobrem
2470 2369 2595 2440 vix
2670 2369 2775 2444 est

361 2473 778 2574 sperandum
818 2515 844 2556 ,
927 2485 1006 2540 ut
1080 2459 1244 2542 inde
1307 2461 1703 2557 pecuniam,
1743 2459 1846 2536 D.
1896 2457 2011 2532 -Τ,
2080 2461 2465 2557 affignatam
2532 2464 2771 2542 conse-

419 2572 494 2645 ui
541 2571 769 2648 liceat.
1129 2573 1162 2580 ““
1385 2609 1392 2616 -
1581 2571 1586 2578 ’
2164 2596 2169 2604 -
2252 2589 2259 2596 ’
2388 2622 2395 2628 .
2474 2569 2483 2576 ·

367 2597 419 2670 q
465 2663 834 2761 Respondi
883 2663 1020 2756 jain
1057 2658 1323 2732 dudum
1386 2659 1478 2734 ad
1532 2657 1608 2730 id
1663 2654 1857 2751 quod
1933 2653 2091 2730 Rex
2140 2651 2468 2751 jufferat,
2520 2657 2608 2733 de
2664 2659 2770 2732 inss

365 2764 708 2864 ‘quirendo
741 2760 976 2852 aliquo
995 2756 1154 2828 viro
1187 2757 1494 2841 idoneo,
1593 2755 1666 2824 ui
1699 2749 2221 2839 Confess‘orem,
2254 2751 2370 2826 seu
2422 2758 2550 2843 (ut
2582 2777 2777 2830 nunc

359 2869 754 2958 loquuntur
801 2852 1250 2946 ‘Theologi)
1322 2847 1556 2926 Conse
1611 2851 1832 2924 arium
1909 2849 2101 2946 apud
2161 2872 2291 2926 vos
2359 2854 2660 2944 ageret‚‘
2690 2873 2779 2925 ac

369 2981 620 3054 magna
647 2949 1049 3027 difficultate
1095 2945 1374 3020 tandem
1428 2947 1670 3019 nastus
1701 2943 1846 3018 sum
1874 2949 2121 3020 virum'
2154 2939 2525 3018 multorum
2586 2946 2775 3040 judi-

370 3060 487 3130 cio
539 3054 728 3128 ‚benc
744 3051 1129 3130 idoneum,
1179 3041 1290 3116 M.
1340 3039 1608 3116 scilicet
1639 3041 2083 3116 Eiet-ardum
2127 3038 2493 3116 Paulinum
2531 3043 2775 3116 Theo-

370 3155 588 3246 logiae
607 3146 1088 3220 Licentiatum.
1187 3135 1455 3211 Verum
1483 3135 1694 3232 super
1719 3138 1981 3212 viatico
2014 3135 2159 3228 ejus
2176 3183 2200 3220 ‚
2248 3137 2475 3209 donee
2506 3137 2784 3231 aliquit}

373 3245 733 3324 resolvatis
757 3291 784 3330 ,
849 3238 1073 3312 isthuc
1120 3231 1186 3306 se
1249 3233 1570 3306 conferre
1625 3227 1931 3314 recusat,
2002 3233 2080 3306 &
2130 3253 2379 3304 vereor
2422 3255 2511 3306 ne
2545 3237 2775 3308 ‚taedio

373 3333 616 3440 longae
651 3330 1198 3431 expestationis,
1220 3331 1422 3402 aliam·
1451 3329 1568 3407 ill‘e
1628 3326 2105 3402 conditionem
2139 3325 2457 3423 accipiat.
2509 3329 2781 3424 Quam·

375 3443 628 3518 obrem
689 3455 866 3526 rogo
927 3447 1006 3500 ut
1063 3422 1160 3496 D.
1201 3423 1309 3498 .T.
1359 3424 1869 3520 quamprimum
1917 3442 2119 3498 curet
2169 3425 2427 3520 aliquid
2482 3432 2567 3500 ad
2610 3426 2779 3501 luna

369 3525 756 3614 ‘striffimum
791 3529 1060 3600 Ducem
1086 3517 1417 3608 rescribi,
1467 3519 1634 3616 quid
1667 3519 1824 3594 fieri
1860 3517 1957 3596 de
1982 3541 2070 3594 eo
2100 3521 2295 3595 velit.
2345 3519 2541 3596 Bene
2574 3525 2773 3609 vale,

381 3631 538 3718 CL.
577 3631 681 3707 D.
731 3625 1214 3702 Hoppann.
1263 3615 1632 3694 Bruxellae.
1677 3640 1804 3694 xv.-
1849 3616 2177 3713 Augusti.
2222 3637 2334 3690 cro
2384 3637 2455 3690 ιο
2506 3639 2777 3692 Lxxm.

725 3755 1753 3932 EPISTOLA
1906 3821 2404 3925 CCIV.

381 4031 936 4180 'Conqueritur
971 4063 1071 4153 de
1103 4060 1373 4150 dilatis
1413 4061 1641 4146 nimis
1665 4053 1806 4142 diu
1837 4043 2247 4154 remedii&
2303 4053 2738 4144 adventum
2751 4065 2783 4159 ‚'

391 4231 402 4243 ·
499 4175 748 4298 Regis
782 4173 1110 4290 saffira
1147 4175 1549 4292 promim}
1605 4172 2069 4264 commercia
2120 4165 2447 4286 ccffare3
2504 4165 2783 4256 Status
2895 4227 2903 4232 -

2614 4273 2781 4394 sol-e
