3700 4884
1157 376 3072 517 PRAEEATIUNCULA.-
3180 380 3209 390 ··

887 559 1246 669 invenias
1282 636 1313 681 ,
1391 578 1528 669 sed
1603 580 1686 667 in
1749 578 2240 692 epistolarum
2274 582 2396 669 ed
2468 583 2809 675 diversos
2874 596 3102 678 tomo
3144 592 3289 678 IV.

881 753 1065 848 pag.
1135 745 1312 833 570.
1375 754 1541 839 quae
1597 756 1768 815 non
1825 731 2177 840 pertinet
2235 728 2330 816 ad
2388 727 2743 839 epistolae
2780 735 3133 845 politicas
3174 735 3290 841 δ’

881 867 1278 979 historicas
1297 926 1326 973 ,
1387 897 1556 980 quae
1600 897 1879 958 omnes
1928 871 2221 981 scriptae
2264 872 2439 959 sunt
2481 872 2658 984 post
2708 876 3069 987 Hopperi
3104 907 3287 989 pro-

878 1006 1311 1102 fed'tionem
1383 1012 1466 1097 in
1537 1012 1941 1125 Hispanias
1986 1071 2019 1117 ,
2086 1033 2176 1101 ut
2232 1035 2547 1102 notatur
2608 1016 2693 1100 in
2746 1018 2914 1129 ipso
2972 1019 3280 1108 codice.

879 1151 1112 1237 Hanc
1165 1152 1416 1268 igitur
1476 1155 1981 1241 resecavimus
2019 1210 2052 1256 ,
2122 1154 2333 1241 inter
2388 1156 2713 1241 Seleaas
2802 1158 3051 1272 Viglii
3130 1162 3285 1272 epi-

849 1291 1101 1401 stolas
1160 1321 1204 1379 a
1279 1294 1514 1383 nobis
1587 1293 2200 1405 collocandam,
2274 1296 2499 1409 quod
2568 1298 2670 1386 ad
2740 1330 2863 1391 res
2934 1305 3291 1415 publica}

877 1436 1074 1524 nihil
1129 1431 1410 1540 faciat,
1469 1434 1599 1525 sed
1660 1435 1754 1523 ad
1823 1436 2291 1549 Hopperum
2350 1434 2533 1522 data
2588 1435 2729 1542 fit,
2789 1466 2963 1527 cum
3026 1445 3281 1533 inSe-

874 1590 1074 1659 natu
1127 1570 1676 1660 Mechiinienfi
1741 1570 2200 1676 resideret,
2257 1572 2651 1674 decennio
2709 1598 3133 1692 antequam
3190 1582 3295 1669 in'

873 1716 1279 1829 Hispanias
1341 1717 1522 1804 iret:
1579 1718 1664 1804 in
1713 1746 1866 1831 qua
1933 1718 2247 1833 Viglius
2294 1715 2391 1804 ad
2461 1719 2700 1805 animi
2744 1711 3314 1848 remissionem]

871 1858 1165 1945 calamo
1213 1854 1389 1943 lusst
1445 1859 1664 1973 supet
1707 1857 2068 2052 Hoppe'ri
2110 1856 2381 1949 libello
2436 1856 2542 1959 de
2601 1856 3213 2009 Magistratibus
3230 1848 3293 1970 2‘

871 2001 972 2089 ad
1027 2005 1101 2090 se
1155 2005 1399 2091 miffo.

919 2120 1336 2233 Proinde
1389 2144 1825 2233 exordium
1888 2144 2217 2233 facimus
2291 2169 2335 2227 a
2390 2140 2728 2229 secunda
2798 2144 3004 2255 apud
3056 2146 3283 2239 Gab-

865 2276 1096 2368 bema
1144 2283 1507 2401 epistola,
1563 2312 1739 2397 quae
1779 2282 1889 2376 est
1936 2287 2197 2399 prima
2250 2288 2339 2373 in
2397 2285 2677 2373 co'dice
2732 2288 3023 2377 nostro.
3098 2291 3273 2381 Ad<

859 2431 1182 2540 jecimus
1242 2424 1559 2545 fingulis
1619 2429 1957 2545 epistolis
2016 2430 2321 2547 fingula
2385 2452 2865 2551 argumenta
2892 2437 3023 2528 seu
3067 2441 3270 2528 sum-

687 2636 696 2645 ·
857 2574 1096 2665 maria
1134 2629 1163 2676 ,
1238 2603 1332 2663 ac
1369 2602 1490 2661 res
1538 2575 1837 2688 gestae,'
1866 2606 1917 2662 a
1986 2578 2275 2694 Viglio
2311 2579 2640 2673 relatas,
2690 2571 3009 2662 subinde
3067 2570 3259 2661 illus-

878 2724 1280 2805 travimus.
1400 2719 1803 2829 Praecipue
1886 2724 2080 2804 verb
2144 2718 2633 2815 curavimuS,
2690 2735 2779 2799 ut
2840 2714 3263 2829 cognosce-

857 2882 980 2950 ret
1028 2862 1360 2966 lefikor,
1439 2862 1798 2950 homines
1858 2864 1983 2950 seu
2042 2880 2361 2976 togatos
2418 2862 2543 2949 seu
2601 2864 3015 2971 literatos;
3077 2866 3258 2951 auli-

855 3036 992 3095 cos
1070 3034 1384 3121 quoque
1464 3006 1556 3091 δι
1638 3002 2249 3108 εεοΙείίειίὶίεοε,
2325 3004 2430 3092 de
2510 3004 2789 3118 quibus
2872 3006 3252 3091 meminit·

853 3152 1060 3257 Quae
1109 3148 1373 3263 omnia
1434 3146 1844 3235 Gabbema
1909 3147 2324 3261 neglexit,
2393 3146 2527 3257 qui
2582 3140 2851 3229 lecstori
2894 3143 3029 3231 suo
3078 3147 3258 3233 nul·
3268 3256 3277 3269 .

851 3299 1016 3381 lum
1060 3314 1314 3405 genus
1375 3286 1784 3375 hominum
1840 3284 2121 3413 pinxit.
2233 3286 2391 3370 Res
2440 3283 2833 3371 historicas
2864 3253 3275 3413 tumultus·

849 3432 1156 3547 Belgici
1196 3456 1366 3517 non
1428 3426 2021 3530 illustravimus,
2080 3426 2187 3513 ob
2254 3454 2475 3529 eam,
2536 3452 2767 3538 quam
2825 3425 2910 3509 in
2978 3420 3250 3535 praefa-
3271 3538 3285 3558 ,

849 3576 1072 3663 tione
1121 3570 1224 3657 ad
1275 3575 1550 3659 Vitam
1590 3572 1855 3686 Viglii
1908 3567 2253 3677 diximus
2278 3622 2308 3670 ,
2384 3566 2789 3654 rationem.

935 3715 1277 3831 Viglius
1343 3710 1440 3797 ad
1489 3712 1967 3825 Hopperum
2019 3710 2421 3809 scribens,
2490 3704 2632 3791 hac
2701 3706 2877 3791 usus
2930 3702 3245 3791 videtur

838 3858 1230 3949 literarum
1295 3850 1804 3968 inscriptione
1853 3908 1886 3958 2
1956 3848 2169 3965 quod
2215 3876 2391 4005 eam
2460 3848 2549 3937 in
2596 3847 2907 3979 codice
2967 3842 3241 3931 nostro

1757 4024 1766 4035 ·
2268 4011 2279 4026 ‘
3012 3976 3249 4101 pluri:
