3700 4884
570 369 586 412 l

899 359 1070 466 858
1127 341 1594 448 VIGLII
1649 365 1784 437 AB
1841 338 2377 436 AYTTA
2442 319 3208 466 zuchEMr‘

895 563 1042 620 non
1079 539 1266 617 refra
1314 563 1431 614 ere
1453 589 1478 627 ,
1525 535 1934 648 filiabusque
1993 531 2241 613 melius
2293 534 2466 610 mihi
2504 533 2932 612 consulturus
2982 535 3289 628 videris,

895 635 1093 736 quod
1121 640 1196 710 in
1243 562 1480 712 ffatria
1517 639 1606 712 de
1643 633 2065 708 matrimonii
2108 631 2515 708 conditione
2544 630 2888 730 dispicias.
3276 651 3281 656 ·

991 729 1364 806 Praefidem
1423 754 1688 808 novum
1736 730 1967 806 adhuc
2018 730 2141 806 hic
2204 725 2645 827 expefflmus
2660 781 2681 814 ‚
2754 726 2837 803 δι
2886 731 3155 806 interea
3194 729 3283 803 de
3316 750 3323 761 ·

893 825 1331 909 cancellario
1355 877 1384 916 ,
1427 825 1809 905 success‘ore
1839 831 1989 924 ejus
2008 879 2033 917 ‚
2078 826 2509 902 deliberatur
2531 875 2557 913 ,
2604 823 2814 922 super
2890 849 2987 900 uo
3026 821 3291 900 senten-

893 927 1065 1002 tiam
1095 946 1320 1000 meam
1346 922 1614 1000 dudum
1666 921 2148 998 Gubernatori
2172 917 2535 1034 perscripli
2548 976 2573 1012 ‚
2619 945 2705 998 ac
2736 943 2837 1018 po
2926 919 3292 1018 praefidem

891 1018 1558 1118 Luxenburgenlem
1574 1073 1599 1110 ,
1647 1018 2147 1095 Vanderanum
2166 1019 2486 1092 intellexi
2501 1021 2643 1093 hoc
2671 1018 2981 1096 officium
3008 1041 3295 1116 magno·

947 1139 1066 1192 ere
1098 1117 1362 1191 ambire
1380 1167 1405 1202 ,
1449 1115 1570 1192 sed
1628 1139 1720 1192 an
1763 1113 1926 1190 satis
1984 1116 2371 1214 prudenter
2388 1165 2415 1201 ,
2462 1133 2589 1192 tuo
2630 1117 2897 1211 judicio
2947 1115 3295 1212 relinquo.

893 1139 1060 1310 Ego
1128 1209 1286 1286 sane
1336 1209 1943 1308 Luxenburgenfis
1996 1209 2469 1287 conditionem
2526 1209 2889 1285 Geldricae
2943 1210 3297 1288 lubentius

898 1307 1308 1405 praeferrem
1329 1361 1352 1396 ,
1401 1308 1564 1386 cum
1597 1309 1855 1406 populi
1904 1308 2259 1404 utriusque
2310 1309 2603 1382 multum
2652 1305 2919 1381 diversa
2971 1304 3057 1379 fit
3094 1331 3297 1383 natu·

871 1407 1026 1488 ”ra,
1074 1426 1151 1478 tu
1191 1425 1428 1480 tamen
1483 1403 1536 1478 fi
1564 1407 1764 1480 aliter
1793 1403 2252 1499 judicaveris,
2302 1426 2483 1500 rogo
2519 1422 2600 1478 ut
2638 1399 3050 1480 deiiderium
3092 1403 3309 1482 amici

771 1579 780 1594 ⁸
897 1521 986 1574 ac
1019 1497 1247 1574 affinis
1287 1521 1706 1596 promovere
1735 1523 1881 1574 non
1912 1502 2244 1596 graveris.

994 1595 1344 1671 pamelius
1374 1599 1681 1671 omnium
1712 1592 2049 1692 applausu
2086 1597 2159 1668 in
2198 1595 2527 1670 Flandria
2553 1615 2895 1690 exceptus
2925 1591 3090 1674 fuitr
3153 1592 3297 1673 Ve-·'
3432 1681 3441 1688 ,
3570 1665 3577 1672 .

901 1689 1056 1765 rum
1091 1689 1438 1766 Blaserius
1469 1692 1537 1766 se
1591 1694 1636 1766 a
1693 1694 1898 1766 vobis
1948 1691 2207 1788 negligi
2254 1693 2483 1773 dolet,
2536 1689 2693 1766 cum
2754 1694 2823 1763 in
2878 1690 3295 1787 perficienda

899 1785 1367 1862 commistione
1419 1787 1865 1884 Burgundica
1912 1786 2192 1884 Cripius
2250 1785 2483 1862 noster
2515 1789 2881 1883 coadjutor
2911 1790 3103 1872 datus
3142 1785 3285 1873 est,

774 1929 782 1948 ι
902 1884 1018 1957 cui
1051 1881 1502 1956 commistioni
1519 1885 1802 1978 quando
1846 1881 2057 1956 finem
2090 1878 2339 1955 facturi
2362 1881 2495 1957 fint
2518 1934 2540 1968 ,
2588 1905 2731 1955 non
2760 1881 2917 1956 satis
2952 1885 3291 1958 videmus·

905 1979 1262 2054 Gallicum
1293 1978 1554 2054 bellum
1591 1979 1780 2076 ipsos
1833 1981 2263 2073 aliquantum
2302 1982 2640 2074 perculit,
2688 2000 2767 2051 ut
2816 1981 3115 2054 reditum
3156 2001 3296 2052 ma-

903 2097 1135 2148 turare
1169 2070 1573 2150 desiderent.
1673 2075 1869 2148 Bene
1924 2077 2130 2155 vale,
2179 2073 2625 2148 Hormina
2672 2074 2829 2148 CL.
2875 2098 2959 2148 ac
3008 2076 3296 2172 conjugi
3422 2099 3429 2116 ·

905 2171 1178 2266 totique
1225 2168 1512 2244 familiae
1542 2173 1824 2244 multam
1862 2171 1905 2243 a
1940 2193 2050 2244 me
2078 2167 2359 2245 satutem
2396 2193 2704 2268 precare.
2806 2170 3173 2246 Bruxellae.
3221 2193 3293 2244 x.

901 2265 1286 2342 Februarii.
1335 2287 1471 2339 cto
1527 2289 1610 2340 ιο
1657 2281 1852 2342 Lxxv
1866 2290 1915 2339 1.
2074 2263 2081 2272 ’

1136 2459 2176 2612 EPISTOLA.
2308 2461 3126 2567 CCLx‘111.

907 2697 1342 2805 Desiderat
1379 2695 1767 2814 Hopperi
1815 2702 2249 2789 adventum
2270 2763 2298 2805 ‚
2355 2722 2769 2815 tamquam
2825 2701 3125 2818 angeli,
3183 2730 3299 2790 re-

1019 2809 1169 2901 bus
1203 2810 1637 2928 dffperatt's
1658 2811 2032 2924 salutare
2074 2815 2509 2901 remedium
2558 2813 2925 2902 allaturi.
3042 2813 3189 2905 Ce-

1193 2926 1464 3015 teram
1511 2933 1850 3014 remittit
1910 2927 2023 3012 ad
2082 2923 2673 3016 Gubernatoris
2730 2923 3029 3017 literas.

910 3150 1248 3317 Lite-ris
1279 3153 1462 3247 tuis,
1515 3151 1673 3252 CL.
1723 3152 1823 3227 D.
1870 3151 2317 3230 Horren
2344 3173 2587 3241 ,xxm
2607 3149 2910 3245 Ianuarii
2937 3153 3296 3245 datis,du-

1095 3248 1318 3323 bitavi
1349 3273 1435 3321 an
1471 3249 1844 3346 quicquam
1890 3252 1963 3322 in
1998 3271 2317 3346 tempore
2350 3250 2555 3324 nobis
2590 3250 2962 3328 rescribere
3016 3253 3300 3338 liceret,

907 3341 1004 3415 ob
1034 3339 1228 3438 spem
1269 3367 1476 3438 quam
1509 3345 1712 3419 nobis
1765 3343 2030 3431 fecisti,
2082 3368 2165 3419 ut
2206 3347 2403 3420 brevi
2445 3366 2513 3420 te
2546 3345 2665 3420 hic
2691 3349 3107 3424 videremus.
3156 3348 3308 3424 Sed*

907 3441 1282 3534 quoniam,
1331 3459 1410 3512 ut
1447 3441 1743 3529 dicitur,
1791 3443 2008 3516 multa
2042 3443 2223 3516 inter
2276 3465 2357 3515 os
2415 3443 2491 3516 &
2538 3439 2755 3517 offam
2800 3447 3118 3522 accidere
3151 3441 3305 3540 poss
3354 3485 3364 3494 ·

905 3535 1097 3626 sen't,
1145 3557 1304 3630 quae
1353 3537 1653 3609 vestrum
1711 3537 2090 3611 adventum
2136 3559 2611 3626 remorentur,
2658 3537 2881 3616 vissim
2936 3541 3115 3626 fuit,
3165 3543 3303 3616 hoc

907 3633 1301 3726 epistolium
1335 3632 1423 3706 ad
1455 3651 1523 3706 te
1557 3631 1924 3707 rescribere
1951 3659 1971 3717 ;
2023 3629 2572 3731 desideriumque
2604 3637 2911 3711 nostrum
2945 3638 3077 3712 tibi
3108 3637 3303 3734 figni-

911 3726 1159 3812 ficare,
1225 3752 1310 3802 ac
1369 3727 1440 3801 D
1465 3753 1509 3800 a
1531 3750 1652 3801 uu
1701 3731 2174 3823 comprecari,
2224 3750 2306 3805 ut
2357 3733 2433 3806 &
2496 3731 2641 3806 cito
2704 3731 2783 3806 &
2834 3729 3133 3810 feliciter
3169 3736 3308 3810 hoc
3352 3769 3361 3776 ·

909 3825 1044 3896 iter
1097 3843 1291 3896 tuum
1341 3823 1679 3901 absolvas.
1775 3823 1981 3900 Alter
2032 3845 2262 3900 autem
2322 3826 2599 3918 cursor,
2672 3851 2885 3926 quem
2930 3855 3059 3906 vos
3105 3829 3307 3907 isthic

909 3940 1154 4014 parare
1212 3918 1494 4010 scribis,
1547 3919 1625 3994 ἃ
1675 3943 1804 4018 per
1857 3946 2067 4019 quem
2116 3921 2205 3996 de
2262 3923 2584 3998 omnibus
2638 3929 2729 4002 ad
2780 3927 3019 4004 literas
3068 3951 3310 4004 omnes

909 4037 1096 4088 meas
1134 4015 1616 4109 responsurum
1667 4037 1737 4091 te
1779 4019 2172 4115 promittis,
2234 4019 2375 4095 huc
2430 4021 2746 4096 nondu'm
2788 4027 3313 4118 pervenit,·te·

905 4135 1046 4208 que
1083 4133 1315 4185 coram
1357 4115 1570 4208 magis
1605 4112 2010 4210 conspicere
2046 4115 2268 4213 gestio
2284 4137 2319 4206 ,·
2357 4119 2505 4214 qud
2544 4119 2825 4194 tandem
2866 4139 3191 4220 optatum
3225 4123 3311 4198 de

911 4208 1234 4287 remediis
1275 4207 1526 4284 nostris
1573 4211 2014 4308 evangelium
2043 4263 2067 4302 ,
2115 4231 2185 4288 te
2215 4215 2465 4312 angelo
2482 4265 2509 4304 ‚
2554 4217 3059 4316 percipiamus.
3151 4217 3311 4306 Ne·'

2118 4323 2135 4346 .
2432 4347 2455 4366 ,
3175 4339 3313 4418 φρ
