3700 4884
1328 190 1377 239 ,b

446 358 1121 485 EPISTOLAE
1172 362 1353 463 AD
1408 360 1835 477 JOACH.
1895 360 2618 475 HOPPERUM.
2655 386 2828 505 649

478 564 835 641 Radbodi
882 563 1083 663 (23)
1132 559 1431 661 effigiem
1458 562 1605 659 jam
1634 559 1745 639 bis
1774 558 1868 635 ad
1893 581 2026 639 vos
2070 564 2218 641 mifi
2241 618 2265 661 ,
2315 564 2658 672 speroque
2693 599 2828 676 po-

364 659 723 737 stremam
759 662 895 757 jam
933 684 1065 737 vos
1100 656 1466 757 accepiffe.
2395 752 2406 759 ,

474 758 615 833 De
666 759 884 833 literis
960 754 1254 832 Caesaris
1314 743 1403 830 ad
1474 751 1749 853 Regem
1802 754 2282 836 Romanorum
2349 763 2776 849 Vanderano
2795 827 2824 868 ,

364 851 1152 952 Scharenbergeroque
1183 852 1565 935 mandavi,
1616 869 1698 924 ut
1731 876 2123 947 quaererent
2165 882 2248 933 ea
2281 884 2440 955 quae
2483 864 2822 949 desidera,-

361 950 521 1039 tis·‚
586 950 664 1026 ἃ
702 952 828 1025 ubi
865 975 947 1024 ea
978 956 1217 1026 nastus
1258 973 1421 1035 ero,
1471 952 1559 1021 ad
1592 946 1685 1020 D.
1713 948 1804 1021 V.
1844 954 2152 1027 astutum
2191 956 2500 1030 mittam:

468 1048 608 1123 De
634 1046 1077 1145 pensionibus
1112 1046 1292 1119 nihil
1330 1045 1563 1119 adhuc
1593 1042 1749 1117 fieri
1769 1052 2004 1141 potuit
2023 1072 2321 1147 propter
2343 1054 2818 1135 Courtcwillii

358 1142 817 1233 absentiam,
867 1144 990 1239 qui
1032 1146 1109 1217 in
1152 1136 1555 1214 Flandriam
1601 1139 1696 1213 ob
1737 1147 2062 1242 conjugis
2109 1150 2594 1244 aegritudinem
2645 1178 2814 1253 pro-

356 1238 669 1331 feaus,
722 1242 855 1313 ‘am
897 1242 1171 1335 aliquot
1215 1237 1461 1311 diebus
1520 1234 1763 1309 abfuit.

474 1336 705 1432 Traje
781 1332 973 1410 enses
1023 1333 1231 1410 valde
1282 1331 1409 1407 fibi
1447 1351 1796 1417 metuunt,
1842 1356 1934 1409 ne
1967 1338 2164 1411 miles
2207 1336 2560 1439 Hispanus
2613 1370 2811 1425 vete.

354 1454 537 1505 rem
586 1432 778 1537 apud
829 1455 949 1507 cos
1000 1432 1361 1505 stationem
1388 1479 1412 1512 ,
1476 1428 1936 1527 h‘ybernaque
1995 1455 2286 1530 repetat.
2399 1436 2806 1538 Literaeque

349 1526 633 1625 Regiae
667 1531 827 1625 plus
859 1527 1193 1624 ponderis
1236 1524 1357 1601 hic
1388 1522 1731 1599 haberent
1766 1522 1815 1597 ss
1855 1522 2236 1624 Hispanica
2259 1534 2495 1627 lingua
2525 1536 2653 1611 scri
2715 1562 2803 1615 tae

350 1620 621 1699 ess‘ent.
746 1622 1272 1721 Groningenses
1321 1643 1605 1717 quoque
1664 1623 1973 1717 graviter
2034 1627 2122 1701 de
2157 1629 2430 1703 militari
2475 1564 2802 1728 praefilzlio

356 1741 958 1818 conqueruntur,
1009 1720 1048 1795 ὲ
1096 1743 1239 1816 quo
1280 1719 1563 1793 liberari
1594 1716 1664 1789 se
1710 1714 1990 1812 sperant
2013 1772 2042 1808 ,
2087 1720 2140 1795 fi
2184 1722 2476 1799 castrum
2516 1783 2536 1817 ,
2604 1734 2802 1827 quod

341 1812 475 1895 ‘ibi
530 1822 877 1892 extruitur
908 1868 933 1904 ,
998 1816 1089 1889 ad
1144 1814 1908 1911 justam'munitionem
1956 1838 2114 1892 ante
2153 1820 2476 1915 hyemem
2535 1826 2802 1907 duduci

353 1936 611 2009 queat.
712 1908 927 1987 Pestis
973 1915 1163 2007 apud
1200 1936 1329 1987 nos
1369 1913 1605 1990 multis
1638 1912 1712 1983 in
1746 1910 2034 1987 urbibus
2053 1916 2388 2015 pagisque
2418 1918 2794 2015 grassatur,

349 2007 631 2085 verum
654 2008 776 2083 hic
814 2008 1139 2081 nonnihil
1174 2006 1241 2081 se
1276 2009 1628 2083 remittere
1660 2008 1897 2099 coepit.
1965 2007 2061 2081 D.
2102 2012 2492 2087 Antonium
2520 2016 2798 2096 Muele.

358 2106 551 2181 'neer
602 2102 797 2201 (24)
854 2102 1337 2177 Confiliarium
1386 2099 1964 2177 Mechliniensem
2018 2102 2204 2177 hisce
2266 2106 2512 2184 diebus
2565 2114 2790 2211 amisi-3

354 2226 531 2277 mus
550 2252 575 2289 ,
606 2223 690 2279 ac
728 2202 947 2299 paulo
983 2220 1143 2278 ante
1168 2198 1591 2281 Procurator
1623 2196 1986 2273 Generalis
2023 2198 2430 2277 Hollandiae
2449 2257 2476 2292 ‚
2507 2205 2674 2283 dum
2704 2234 2794 2298 ex,

356 2298 595 2465 Cuga
627 2297 913 2465 dtfnnum
948 2294 1375 2387 revertitur,
1415 2316 1557 2369 non
1586 2290 1727 2367 fine
1760 2294 2198 2390 contagionis
2222 2296 2638 2397 suspitione,
2670 2332 2797 2384 ex-

354 2416 480 2470 t1n
559 2416 637 2467 ns
706 2414 831 2469 uit.
1057 2446 1071 2456 .
1522 2444 1533 2458 .
1997 2448 2002 2456 .

470 2488 719 2565 Status
758 2486 970 2563 nostri
1012 2510 1251 2564 omnes
1282 2541 1299 2574 ‚
1342 2484 1507 2585 post
1546 2487 1973 2585 publicatum
2025 2487 2330 2565 edietum
2365 2491 2572 2593 super
2603 2500 2796 2577 deci-

354 2608 492 2661 mo
524 2584 995 2681 vicesimoque
1049 2585 1341 2660 denario
1361 2634 1385 2671 ,
1436 2586 1578 2657 huc
1628 2583 2028 2679 frequentes
2075 2585 2482 2665 'confluxere
2503 2646 2526 2684 ,
2573 2618 2658 2671 ut
2687 2596 2785 2674 11-

353 2680 760 2757 iustriflimo
804 2680 997 2755 Duci
1046 2676 1514 2779 supplicarent
1539 2733 1560 2769 ‚
1610 2702 1755 2793 quo
1808 2683 2042 2779 quotis
2082 2683 2200 2757 seu
2241 2686 2383 2761 alio
2425 2692 2788 2769 contribu-

354 2782 581 2855 tionis
628 2801 885 2876 genere
936 2798 1306 2852 contentus
1352 2773 1485 2851 ess'e
1526 2778 1703 2850 velit
1716 2828 1745 2865 ,
1790 2780 1952 2855 cum
2011 2800 2252 2855 omnes
2299 2788 2781 2879 praetenda-nt,

352 2874 695 2951 summam
720 2874 1034 2971 Regioni
1068 2872 1177 2947 isti
1196 2874 1471 2949 ruinam
1501 2871 2140 2973 desolationemque
2173 2902 2266 2951 ex
2301 2885 2450 2976 ejus
2482 2887 2790 2959 exactio-

351 2994 452 3045 ne
488 2972 888 3045 imminere:
938 2968 1045 3043 Ac
1088 2970 1222 3043 'am
1262 2991 1353 3044 ex
1403 2964 1545 3043 sola
1575 2966 1782 3043 ediffl
1806 2970 2286 3065 publicatione
2328 2998 2490 3049 ante
2527 3002 2782 3055 execu-

358 3070 637 3143 tionem
671 3070 925 3141 multos
968 2994 1108 3140 ang
1152 3064 1535 3159 confugere
1558 3118 1580 3151 ,
1628 3069 2172 3162 commertiaque
2206 3066 2502 3153 cessare,
2553 3073 2629 3147 δι
2755 3115 2784 3131 -

352 3166 623 3261 pulum
664 3163 925 3257 ubique
948 3160 1381 3257 gravissimas
1416 3162 1623 3233 edere
1678 3164 2179 3255 querimonias,
2228 3162 2534 3239 afferant.
2707 3198 2777 3251 e·

356 3280 524 3333 rum
567 3256 739 3329 Dux
798 3254 972 3329 nihil
1028 3258 1115 3329 de
1177 3254 1511 3328 sententia
1576 3255 1966 3328 remissurus
2040 3257 2341 3341 videtur.
2445 3261 2776 3365 Cumque

352 3379 501 3453 ego
550 3352 735 3427 forte
764 3350 1076 3425 dixissem
1104 3400 1128 3436 ,
1171 3352 1245 3421 in
1294 3371 1367 3422 re
1410 3366 1600 3421 tanta
1649 3373 1789 3423 non
1821 3347 2003 3425 male
2035 3358 2448 3445 convenire,
2500 3383 2579 3436 ut
2626 3365 2782 3462 ejus

349 3451 681 3527 executio
726 3452 812 3522 ad
852 3450 1065 3521 breve
1116 3446 1402 3543 aliquod
1444 3466 1719 3541 tempus
1764 3445 2331 3542 suspenderetur,
2381 3478 2524 3550 quo
2554 3462 2770 3536 inter-

356 3540 445 3623 'ea
496 3542 725 3641 Regia
767 3540 1097 3641 Majestas
1137 3566 1216 3616 ea
1252 3542 1340 3615 de
1373 3566 1447 3615 re
1482 3544 1737 3618 certior
1767 3544 2211 3635 redderetur,
2263 3573 2346 3623 ac
2383 3556 2471 3625 de
2513 3559 2768 3653 populi

347 3644 857 3742 querimoniis',
882 3638 1353 3734 statuumque
1384 3639 1851 3734 postulatione
1871 3695 1894 3730 ,
1931 3645 2205 3739 plenius
2235 3644 2766 3739 informaretur,

354 3742 433 3814 δι
462 3741 632 3839 quid
664 3738 965 3835 desuper
1000 3736 1149 3814 fieri
1186 3737 1436 3824 vellet,
1486 3734 1811 3835 Majestas
1859 3734 1982 3828 sua
2025 3739 2411 3815 declararet
2432 3768 2456 3825 3
2503 3745 2766 3827 interea

348 3846 579 3916 'tamen
614 3856 840 3913 certas
887 3831 1180 3909 summas
1222 3830 1339 3907 seu
1378 3856 1625 3931 quotas
1649 3888 1675 3924 ,
1722 3857 1804 3909 ut
1863 3833 2136 3907 duobus
2193 3856 2398 3911 antea
2427 3842 2623 3915 annis
2659 3841 2764 3921 fa-

2580 3938 2773 4020 stum·-

342 4058 400 4141 Γ
440 4091 612 4175 (23)
658 4089 1015 4175 Rndbodus]
1062 4090 1155 4157 v.
1192 4089 1317 4175 sup
1386 4088 1475 4155 ad
1515 4087 1725 4171 Epist.
1768 4102 1992 4187 εις...
2309 4132 2317 4141 -

334 4171 1349 4352 Supgglff)T5Kzu'-u.zil{u1egmer]
1396 4171 1761 4247 Successor
1780 4172 2002 4261 Vlgln
2043 4190 2226 4243 anno
2267 4180 2454 4263 1548.
2496 4179 2770 4321 Ruentem·

348 4350 355 4359 '
488 4348 495 4353 '
724 4339 737 4351 ’
1236 4344 1272 4358 “’
1464 4342 1605 4416 Nn
1633 4368 1679 4415 n
1726 4367 1781 4416 n
1828 4368 1874 4439 3
