3700 4884
870 386 1045 501 604
1098 378 1586 481 VIGLII
1640 400 1779 471 An
1835 364 2357 475 'AYTTA
2407 363 3156 468 ZUICHEMI

874 576 1266 747 safflqgtidem
1302 572 1659 652 sententiae
1678 568 2092 649 executione
2113 618 2142 663 ,
2179 564 2299 645 sed
2335 564 2594 641 interea
2625 566 2932 662 graviter
2953 564 3042 645 ab
3075 567 3306 648 milito

884 698 923 746 a
1010 699 1025 745 1
1102 696 1147 747 1.

972 770 1247 864 Regina
1277 767 1503 843 nostra
1546 764 1594 841 fi
1628 764 1894 843 tanturn
1919 766 1998 841 in
2030 761 2263 839 oculis
2281 758 2524 838 vestris
2551 758 2866 859 placebit
2880 810 2908 849 ,
2955 780 3300 859 quantum

881 868 1071 963 apud
1106 864 1379 937 nostros
1438 866 1910 961 provinciales
1962 862 2249 959 gratiam
2289 859 2561 943 inierit,
2608 881 2753 931 non
2791 854 3076 947 dubito,
3121 859 3302 957 quin

878 962 1418 1055 benignissimam
1452 962 1823 1055 utrobique
1863 956 2220 1056 experturi
2261 953 2474 1027 fimus
2519 974 2914 1049 patronam.

980 1056 1093 1129 De
1113 1060 1327 1129 literis
1348 1058 1435 1129 ad
1460 1056 1797 1149 Jacobum
1816 1048 2423 1135 Daventriensem,
2449 1073 2532 1123 ac
2550 1047 3104 1125 commissarium
3123 1076 3298 1129 van·

886 1154 973 1226 de
1002 1152 1275 1247 Berghe
1294 1152 1568 1247 scriptis
1598 1208 1615 1236 ‚
1637 1154 1890 1247 gratias
1924 1150 2019 1222 D.
2040 1146 2133 1220 Τ.
2159 1145 2558 1243 ago-Valde
2581 1148 3124 1243 enimcuperem
3153 1150 3298 1226 hoc

880 1272 1063 1344 opus
1086 1249 1361 1322 tandem
1384 1247 1690 1334 absolvi,
1710 1270 1791 1321 ac
1816 1270 1974 1319 cum
1997 1247 2069 1317 in
2103 1266 2193 1319 eo
2215 1240 2622 1339 apparando
2649 1298 2668 1328 ,
2697 1244 3296 1341 illuminandoque

882 1345 1177 1437 majores
1210 1364 1500 1441 cogatur
1532 1346 1759 1417 facere
1812 1344 2122 1437 sumptus
2144 1394 2165 1429 ‚
2215 1338 2550 1411 mercedis
2583 1336 2842 1413 solutio
2890 1335 3296 1437 sumptuum

876 1442 1333 1537 laborumque
1366 1440 1430 1511 ei
1454 1438 1737 1535 aliquod
1772 1437 2128 1535 praebebit
2159 1432 2500 1507 solatium.

978 1536 1262 1609 Decimi
1292 1536 1558 1611 denarii
1605 1536 1970 1631 perceptio
2015 1534 2088 1606 in
2136 1530 2492 1605 biennium
2531 1528 2743 1604 dilata
2771 1529 2906 1615 est,
2953 1550 3040 1607 ac
3081 1532 3299 1609 inter·

878 1652 959 1704 ea
1008 1634 1185 1705 duos
1225 1634 1567 1705 milliones
1593 1632 1992 1704 Provinciae
2023 1626 2303 1723 singulis
2334 1626 2532 1699 annis
2559 1622 3027 1722 promiserunt
3046 1678 3072 1715 ,
3097 1633 3295 1726 quod

879 1724 1351 1801 defideraffem
1396 1731 1467 1800 in
1490 1726 1892 1803 sexennium
1925 1722 2120 1798 fuifl'e
2151 1740 2628 1819 prorogatum.
2691 1722 2920 1798 Valde
2959 1726 3144 1799 enim
3173 1748 3294 1803 ve·

880 1847 1083 1910 reor,
1132 1848 1218 1897 ne
1269 1824 1393 1899 sub
1429 1846 1621 1896 novo
1662 1822 2160 1922 Gubernatore
2191 1818 2275 1892 ad
2309 1819 2568 1892 decimi
2599 1819 2868 1893 denarii
2893 1824 3296 1919 perceptio-

878 1944 1037 1995 nem
1074 1944 1263 2015 aegre
1306 1920 1518 1997 rediri
1558 1940 1810 2017 queat,
1859 1916 1934 1991 &
1962 1921 2106 2015 jam
2141 1916 2213 1988 in
2245 1914 2764 1988 contributione
2802 1917 3104 1990 duorum
3129 1920 3288 1994 mil·

884 2022 1154 2091 lionum
1188 2015 1448 2089 summa
1480 2014 1564 2089 fit
1596 2014 1966 2088 difficultas
1986 2063 2011 2100 ,
2060 2010 2220 2121 cum
2267 2008 2668 2121 Provinciae
2703 2009 2960 2085 nostrae
3007 2015 3296 2111 naviga.

793 2289 818 2299 „
880 2106 3298 2299 3222}taoz‘ffffifff‘iffi132⁶ss{zdfsstffsff‘re‘rffitfiffi3330mm

880 2300 1169 2382 afflietas
1200 2304 1268 2376 se
1315 2303 1648 2395 sentiant,
1696 2326 1777 2378 ut
1823 2325 1914 2374 ne
1966 2302 2040 2373 id
2088 2296 2369 2394 quidem
2397 2296 2592 2394 quod
2637 2298 3018 2391 promffere
3047 2350 3074 2387 ,
3133 2301 3292 2377 satie

886 2398 1219 2494 praestare
1252 2400 1519 2495 poffint.
1621 2398 1730 2473 Ac
1768 2401 2033 2473 interea
2083 2414 2192 2469 tot
2236 2416 2416 2491 pene
2473 2393 2744 2481 hostes,
2845 2416 2974 2472 uot
3015 2398 3290 2474 vicinon

880 2498 1215 2569 habemus
1234 2546 1257 2576 ,
1292 2495 1365 2566 δι
1393 2498 1430 2568 a
1454 2498 1695 2590 piratis
1729 2496 1966 2568 littora
1987 2490 2216 2566 nostra
2237 2488 2682 2580 obsidentur,
2717 2490 2742 2561 i
2821 2492 3292 2589 estanturque.

986 2590 1507 2665 Leovardiensss
1554 2588 1958 2687 Episcopus
2003 2591 2073 2663 in
2141 2584 2337 2683 (47)
2387 2586 2806 2668 adducetur,
2857 2588 2986 2663 nifi
3035 2588 3294 2668 isthinc

882 2689 971 2759 de
1004 2688 1465 2762 continuanda
1500 2684 1831 2791 penfione
1871 2682 2254 2782 Hispanica
2283 2685 2528 2757 m'elior
2546 2681 2704 2778 spes
2727 2682 3085 2760 affulserit.
3133 2686 3292 2763 Etfi

885 2784 1069 2854 enim
1100 2784 1492 2857 monasterii
1532 2784 1780 2857 dotalis
1806 2780 2282 2883 poss'effionem
2308 2784 2447 2875 jam
2490 2781 2786 2877 adeptus
2815 2778 3071 2870 fuerit,
3091 2786 3293 2880 quod

880 2878 1081 2952 nobis
1137 2882 1509 2954 convenire
1562 2882 1858 2953 maxime
1911 2876 2281 2952 videbatur
2297 2899 2320 2957 3
2373 2900 2462 2949 ne
2503 2877 2794 2951 vivente
2851 2876 3134 2963 Priore,
3183 2882 3314 2969 uti,

879 2973 1038 3048 fieri
1102 2973 1315 3061 solet,
1366 2975 1397 3069 (
1468 2972 1573 3049 ost
1616 2975 1813 3077 cujus
1873 2968 2124 3047 ceffum
2165 2991 2296 3045 -aut
2325 2968 2686 3045 distesshm
2729 2973 3036 3067 primum
3083 2978 3294 3053 locus

880 3068 1161 3145 futurus
1197 3095 1346 3147 erat
1368 3000 1779 3169 Elpiscopo)
1826 3071 2014 3144 bona
2049 3071 2198 3164 ejus
2229 3067 2707 3161 diffiparentur
2724 3118 2748 3154 ,
2797 3088 3094 3143 attamen
3117 3092 3291 3147 cum

885 3190 1307 3241 conventum
1343 3167 1549 3241 fuerit
1596 3191 1758 3242 cum
1792 3166 2036 3239 Priore
2096 3189 2179 3238 ac
2229 3160 2605 3259 Religiofis
2651 3166 2744 3239 de
2811 3170 3292 3262 competenda

878 3262 1238 3341 sufficienti
1288 3262 1511 3337 vietus
1551 3264 1626 3338 &
1670 3265 1956 3336 amistus
1997 3257 2161 3356 ipsu
2219 3260 2686 3355 providendi,
2731 3282 2984 3356 parum
3023 3262 3096 3335 ei
3125 3264 3293 3343 inde

878 3360 1311 3453 relinquetur
1336 3413 1359 3447 ‚
1409 3359 1634 3432 donec
1680 3360 2013 3455 paulatlm
2035 3359 2135 3431 illi
2174 3356 2524 3429 demortui
2543 3354 2820 3431 fuerint.
2924 3356 3297 3455 Quamob-

882 3478 1031 3533 rem
1088 3478 1304 3551 rog0,
1354 3476 1436 3527 ut
1474 3455 1624 3551 ejus
1658 3452 1927 3529 causam
1961 3454 2509 3529 commendatam
2541 3450 2822 3529 habeas.
2847 3464 2886 3492 ι

980 3549 1420 3649 Significavit
1462 3572 1683 3651 nuper
1713 3548 1810 3627 D.
1848 3549 1943 3621 T.
1982 3548 2247 3645 aliquid
2277 3548 2367 3621 de
2405 3548 2642 3621 rotulo
2673 3548 3120 3640 innovando,
3167 3548 3289 3626 sed

878 3645 1039 3720 cum
1064 3648 1207 3746 ejus
1229 3668 1392 3720 cura
1415 3645 1558 3740 jam
1583 3649 1670 3721 ad
1700 3642 2074 3717 Praefidem
2105 3640 2625 3741 Tysenachium
2665 3647 3051 3739 pertineat,
3088 3648 3290 3721 vide-

791 3780 799 3787 ·
876 3765 993 3817 tur
1022 3750 1113 3818 ad
1151 3768 1308 3821 eum
1349 3741 1555 3817 scribi
1592 3738 1830 3841 pofl'e,
1882 3763 1963 3814 ut
1985 3740 2131 3837 ipse
2165 3742 2252 3812 ab
2273 3739 2796 3831 Audienda-io,
2841 3740 3134 3838 aliisque
3161 3742 3295 3818 Se·

872 3843 1183 3919 cretariis
1236 3841 1602 3937 perquirat
1628 3890 1653 3926 ,
1702 3858 1860 3935 qnae
1907 3838 2068 3911 loca
2113 3834 2446 3911 haetenus
2499 3832 2760 3911 fuerint
2797 3860 2932 3935 per
2981 3840 3294 3915 rotulum

870 3935 1191 4033 provisa,
1240 3958 1322 4015 ut
1364 3936 1677 4013 constare
1708 3934 1914 4036 poffit
1933 3984 1959 4024 ,
2007 3924 2402 4033 qui'adhuc
2445 3931 2608 4009 sunt
2653 3934 2731 4008 in
2757 3936 3255 4035 expectatione
3269 3986 3296 4025 ,
3449 3959 3458 3967 ·

3117 4056 3300 4132 qnos

879 4184 1391 4353 quietate
1405 4188 2386 4359 ..Μ
2588 4186 2706 4259 Τὸ
2911 4188 3149 4278 νοω
3181 4206 3292 4259 *m
