3700 4884
696 279 711 322 Ι

792 358 801 369 ’
848 394 1008 488 792
1069 360 1553 471 VIGL‘II
1606 390 1745 459 ΑΒ
1803 362 2317 461 AYTTA
2371 360 3123 465 ZUICHEMI

857 592 1003 643 rem
1028 567 1335 645 reddunt
1357 620 1382 656 ‚
1432 570 1509 644 &
1552 569 1720 641 licet
1764 566 2068 663 Hispani
2121 567 2334 643 nostri
2368 568 2652 646 uberem
2689 572 3054 645 materiam
3095 566 3250 647 lite·

838 688 1087 739 rarum
1128 664 1441 761 quotidie
1475 662 1876 759 praebeant,
1924 668 2109 737 malo
2145 686 2376 739 tamen
2405 690 2491 741 ea
2523 690 2612 740 ex
2648 668 2798 741 aliis
2835 669 3044 763 quam
3081 667 3250 742 ame

856 762 949 834 ad
982 786 1130 841 .vos
1169 762 1396 835 scribi.
1496 758 1643 833 Hic
1697 762 1880 834 enim
1938 784 2079 833 non
2137 780 2408 835 tantum
2453 764 2496 835 a
2539 762 2820 835 Geufiis
2857 765 3252 858 periculum

726 934 731 946 ¹
856 857 1063 929 nobis
1114 857 1461 942 imminet,
1514 855 1629 929 sed
1682 856 1769 928 ab
1816 858 1907 930 iis
1955 852 2242 953 quoque'
2283 878 2458 953 quos
2565 856 2946 933 roteaores
2989 857 3250 932 habere

861 952 1317 1037 debebamus,
1367 955 1611 1024 moenia
1648 948 1881 1024 nostra
1921 954 2099 1025 tueri
2133 952 2466 1047 cogimur.
2581 978 2708 1027 ene
2751 976 2984 1027 autem
3023 952 3250 1026 astum

863 1048 963 1121 est
1028 1072 1187 1121 cum
1224 1046 1829 1129 Tra’eetenfibus,
1882 1072 2061 1141 quos
2107 1048 2454 1144 propitius
2491 1049 2741 1125 Dnus
2781 1050 2870 1122 ab
2905 1046 3254 1147 Hispano-

858 1168 1011 1218 rum
1060 1146 1305 1243 gladiis
1388 1146 1694 1230 ervavit‚
1739 1142 1860 1217 sed
1911 1143 1959 1215 ss
2009 1140 2082 1217 id
2129 1146 2344 1229 alibi,
2394 1146 2501 1217 uti
2535 1146 2985 1235 minitantur,
3033 1166 3256 1241 atten-

856 1240 1049 1325 tent,
1104 1240 1481 1312 verendum
1516 1262 1603 1313 ne
1638 1264 1747 1311 res
1786 1242 1857 1311 in
1893 1262 2187 1311 nervum
2223 1262 2657 1338 prorumpat.

956 1334 1171 1407 Fama
1214 1336 1317 1408 tui
1356 1339 1441 1408 ad
1474 1358 1603 1409 nos
1634 1335 1900 1408 reditus
1935 1336 2020 1407 ab
2069 1336 2204 1407 illis
2235 1332 2557 1430 profefila
2591 1336 2722 1411 ess'e
2755 1338 3080 1428 videtur,
3119 1340 3246 1435 qui

859 1428 989 1505 tibi
1026 1432 1223 1504 isthic
1264 1430 1629 1505 succedere
1664 1430 2162 1518 defiderarent,
2209 1430 2424 1524 idque
2479 1432 2736 1505 Albani
2787 1432 2984 1529 (18)
3033 1457 3254 1531 expo-

857 1525 1047 1603 scere
1080 1549 1600 1624 procurareque
1645 1530 2053 1610 creduntur,
2087 1548 2165 1600 ut
2197 1524 2323 1601 soli
2353 1526 2552 1603 isthic
2569 1524 2832 1623 Regem
2848 1528 3251 1625 poffideant.

958 1622 1041 1695 ln
1074 1622 1273 1699 causa
1309 1646 1459 1693 mea
1484 1676 1505 1708 ,
1556 1626 1744 1719 quod
1776 1626 1916 1718 jam
1954 1622 2210 1694 dudum
2245 1624 2463 1717 agitas
2491 1676 2514 1711 ,
2561 1626 2806 1720 peragi
2826 1624 3102 1701 tandem
3123 1623 3249 1701 abs

858 1742 932 1811 te
958 1722 1161 1795 velim
1187 1771 1211 1807 ,
1262 1716 1421 1793 cum
1469 1718 1543 1793 id
1580 1743 1723 1793 non
1756 1720 1978 1793 minus
2009 1716 2256 1815 Regiae
2291 1718 2674 1817 Majestatis
2709 1719 3017 1809 interfit,
3041 1720 3251 1817 quam

698 1854 709 1869 ·
859 1838 1017 1889 mea
1066 1814 1502 1891 imbecillitas
1546 1816 1762 1911 exigit
1816 1841 1834 1887 :
1909 1835 1986 1887 ut
2023 1810 2182 1888 cum
2209 1818 2508 1909 amplius
2543 1816 2852 1891 laborem
2891 1816 3238 1913 perferre,

862 1910 939 1983 &
992 1914 1158 1984 huic
1214 1913 1483 1983 muneri
1540 1908 1932 1985 satisfacere
1971 1915 2311 2003 nequeam
2332 1960 2356 1995 ,
2407 1910 2578 1985 alius
2611 1912 2903 1986 idoneus
2935 1910 3246 2008 surroge-

858 2028 979 2079 tur
1025 2030 1251 2103 neque
1306 2007 1491 2079 enim
1522 2007 1767 2081 desunt
1798 2007 2029 2078 eximii
2059 2007 2239 2087 viri,
2285 2008 2409 2101 qui
2445 2010 2534 2081 ad
2565 2007 2824 2104 maj0ra
2858 2008 3069 2082 etiam
3099 2030 3252 2083 mu·

858 2106 977 2175 nia
1012 2102 1414 2200 promoveri
1468 2122 1880 2177 mereantur.
1973 2099 2264 2177 Utinam
2319 2106 2514 2198 quod
2545 2124 2688 2179 tam
2717 2105 2840 2178 diu
2873 2102 3256 2200 parturivi·

858 2199 978 2273 stis
1031 2203 1311 2274 tandem
1370 2200 1443 2270 in
1499 2203 1726 2274 lucem
1778 2197 2147 2295 proferatis
2169 2251 2198 2289 ,¹
2234 2196 2633 2295 priusquam
2686 2200 2760 2275 in
2811 2222 2968 2274 eum
3013 2204 3254 2275 locum

861 2296 1245 2391 statumque
1286 2318 1395 2367 res
1452 2296 1700 2375 nostrae
1754 2294 2225 2379 deducantur,
2277 2314 2354 2369 ut
2387 2298 2768 2371 remedium
2789 2296 3088 2392 amplius
3124 2297 3249 2371 ad·

860 2393 1092 2475 hiberi
1124 2408 1436 2487 nequeat.
1536 2390 1914 2467 Dodonaeo
1950 2388 2136 2485 apud
2179 2388 2675 2486 Imperatorem
2709 2390 2890 2466 bene
2925 2388 3060 2465 effe
3085 2414 3256 2489 gau·

864 2488 1043 2572 deo,
1096 2490 1216 2581 qui
1244 2490 1317 2559 in
1355 2488 1683 2563 viaticum
1730 2489 1795 2561 ei
1830 2484 2010 2559 misit
2044 2510 2106 2562 c.
2127 2487 2440 2579 duplices
2479 2490 2812 2573 ducatos,
2859 2486 2988 2583 ipfi
3019 2510 3252 2564 autem

858 2586 1161 2655 tenuitas
1194 2582 1458 2675 semper
1488 2581 1841 2679 displicuit
1882 2581 2102 2656 salarii
2141 2583 2331 2675 quod
2368 2582 2409 2655 a
2449 2584 2656 2658 vobis
2689 2580 3137 2658 offerebatur.

963 2680 1079 2755 De
1123 2676 1415 2752 Medico
1448 2678 1944 2776 Chirurgoque
1985 2680 2147 2751 hinc
2181 2680 2522 2752 mittendo
2537 2680 2628 2751 ad
2657 2702 2790 2753 vos
2817 2729 2839 2763 ‚
2875 2682 3248 2775 quidnam,

863 2795 1001 2849 tem
1060 2798 1179 2848 ore
1224 2796 1369 2869 quo
1426 2774 1735 2851 Albanus
1768 2776 1888 2850 hic
1934 2774 2171 2848 aderat
2196 2824 2220 2859 ,
2268 2774 2708 2869 impedierit,
2751 2778 2893 2871 jam
2929 2798 3134 2853 antea
3161 2776 3254 2850 ad

864 2894 938 2945 te
1021 2866 1244 2965 cripfi.
1344 2868 1442 2941 Et
1502 2891 1902 2966 quanquam
1951 2870 2134 2942 idem
2189 2871 2380 2966 apud
2417 2868 3075 2945 Commendatorem
3121 2895 3252 2946 no-

862 2968 1076 3041 strum
1134 2965 1501 3061 repetitum
1529 2966 1910 3061 intelligam
1934 3016 1958 3051 ,
2011 2962 2500 3061 Moffiinusque
2530 2964 2944 3041 sollicitandi
2975 2965 3254 3041 manda-

862 3086 1011 3149 tum
1060 3062 1351 3147 habeat,
1402 3062 1571 3135 mihi
1626 3080 1858 3137 tamen
1911 3060 1997 3135 ab
2053 3060 2203 3158 ipso
2247 3064 2420 3135 nihil
2467 3058 2793 3141 haetenus
2825 3060 3254 3137 commiss'um

862 3161 1040 3248 fuit,
1094 3158 1168 3231 &
1220 3180 1465 3231 vereor
1503 3182 1589 3232 ne
1620 3161 1859 3239 eadem
1889 3156 2089 3231 causti
2135 3155 2606 3255 provisionem
2649 3158 3002 3245 retardet,
3053 3156 3129 3239 &
3157 3178 3264 3234 ar-

862 3256 1379 3421 δὶιτᾳιὲροῐιξω
1428 3254 1769 3355 judicium
1834 3258 2200 3355 praelatum
2269 3254 2358 3331 iri
2399 3304 2424 3342 ,
2491 3276 2790 3352 quorum
2835 3254 2982 3353 ipse
3038 3276 3260 3352 opera

915 3371 1065 3425 uoti
1118 3372 1182 3421 1e
1218 3369 1439 3422 utitur
3121 3398 3127 3407 -

863 3376 915 3487 ᾳ
963 3447 1329 3544 Quantum
1376 3446 1803 3521 incommodi
1859 3444 2063 3523 rebus
2137 3444 2600 3543 Burgundicis
2656 3468 2850 3519 mora
2905 3446 3258 3535 attulerit,

864 3537 1300 3643 cognoscetis
1357 3563 1447 3617 ex
1496 3538 1777 3615 solemni
1822 3542 2170 3637 legatione
2217 3566 2426 3637 quam
2463 3546 2547 3623 ad
2585 3538 2855 3635 Regem
2887 3542 3259 3617 Commen-

862 3644 1317 3743 datoremque
1350 3636 1653 3711 nostrum
1692 3634 1950 3719 missuri
1991 3638 2222 3720 Status
2265 3636 2690 3735 Burgundiae
2723 3635 3064 3715 feruntur.
3155 3636 3256 3715 Et

863 3736 1187 3844 profecto
1238 3734 1486 3809 malam
1532 3732 1825 3828 gratiam
1858 3737 2160 3809 retulere
2194 3736 2281 3821 ii,
2330 3737 2454 3830 qui
2483 3732 2862 3811 visitationi
2895 3736 3050 3817 illi,
3093 3752 3256 3825 quae

864 3828 1417 3911 ordinationibus
1446 3831 1647 3908 novis
1680 3828 1955 3909 causam
1993 3827 2189 3909 dedit
2203 3883 2228 3921 ,
2275 3852 2557 3909 manum
2605 3830 2990 3911 admovere.
3047 3826 3252 4000 sBla-

1192 3968 1199 3976 ·
1366 3970 1375 3979 ·
1485 3970 1500 3979 ·
2304 3980 2328 3991 -
3077 3946 3270 4005 erm!

3674 2134 3682 2436 ψ

846 4085 868 4191 s
948 4116 1076 4203 (18
1164 4116 1433 4203 Albani]
1494 4116 1711 4208 supple
1760 4140 1777 4188 τ
1851 4120 2130 4207 affeclae.
2211 4116 2567 4203 Gabbema
2602 4136 2722 4211 per
2761 4116 3038 4207 Albam:
3077 4118 3270 4216 sorte

855 4203 1067 4302 legen
1114 4218 1233 4278 um
1270 4221 1287 4265 τ
1320 4218 1438 4289 per
1457 4201 1783 4283 Albanum.
