3700 4884
905 384 1088 503 390
1143 350 1618 466 VJGLII
1675 375 1814 448 AB
1868 266 3237 451 ArTTAzmcHEMr

901 552 1400 631 haereticorum
1419 548 1774 643 ‚industria
1821 546 2151 644 ‘quotidie
2201 547 2411 621 latius
2460 546 2710 661 serpit3
2758 567 2839 633 ut
2870 570 3157 641 verear,
3210 576 3313 628 ne

877 648 1097 749 'Regi
1151 652 1306 723 haec
1347 668 1540 723 tanta
1577 666 1774 719 mora
1800 646 2056 717 multas
2089 642 2525 719 difficultates
2560 652 2642 719 iit
2668 649 3003 742 paritura.
3108 648 3314 743 Quid

905 750 1138 825 dioem
1194 746 1282 819 de
1319 739 1700 841 pervers1s‚
1733 764 1834 828 *ac
1884 762 2125 815 eorum
2152 738 2393 830 studiis
2411 792 2437 842 ,ἱ
2476 742 2733 841 quibus
2760 744 3021 843 interea
3048 743 3315 843 ubiqq'p

967 866 1091 919 ene
1121 862 1496 929 terrarum,
1546 862 1692 934 quo
1724 834 1792 915 se
1832 836 1989 913 haec
2028 832 2305 923 haerefis
2330 834 2664 934 [extendit
2684 890 2709 924 ‚
2760 826 3019 915 auxilia
3067 864 3311 917 contra

861 976 868 985 ·
981 962 1177 1037 egem
1233 936 1542 1012 nostrum
1605 937 1944 1009 invocant
1976 950 2006 1022 ·‚
2075 945 2557 1031 conanturquje
2624 931 2771 1010 alia*
2835 932 2963 1031 ipfi
2996 934 3315 1033 'impedi-

911 1058 1145 1111 menta
1193 1032 1443 1132 objici,
1493 1052 1640 1129 quo
1686 1050 1810 1103 aut
1861 1048 2099 1198 coegto
2148 1026 2461 1106 defistere
2515 1052 2849 1126 cogatur,
2896 1036 3039 1105 aut·
3072 1032 3365 1149 saitem!

907 1128 1262 1207 difficilius
1323 1131 1394 1203 id
1454 1148 1853 1224 exequatur.
2024 1124 2285 1222 unique
2330 1126 2701 1223 expeditio
2725 1128 3083 1225 superiore
3120 1152 3307 1209 anno

909 1225 1240 1303 adversus
1271 1224 1584 1302 ancam
1615 1224 1702 1299 ab
1741 1224 2171 1320 Imperatore
2216 1218 2576 1307 instituta3
2622 1246 2771 1301 non
2796 1248 2877 1299 ea
2906 1223 3307 1311 faeficitate‚

909 1324 1112 1421 quas
1224 1323 1530 1411 avimus,
1579 1318 2006 1400 succefferit,
2057 1341 2385 1417 novaque
2416 1322 2491 1393 in
2512 1316 2827 1395 futurum
2842 1343 3093 1397 annum
3162 1346 3311 1397 uae-

911 1424 1068 1504 rere
1161 1418 1324 1491 aesar
1343 1438 1634 1513 cogatur
1665 1413 1921 1491 auxilia
1938 1467 1964 1504 ,
1988 1416 2170 1491 hanc
2202 1412 2713 1492 excusationem
2742 1417 3078 1493 Germani
3134 1414 3313 1495 estis

903 1516 1133 1603 (dediti
1184 1511 1330 1611 jam
1378 1515 1800 1609 meditantur
1834 1563 1861 1600 ,
1928 1514 2120 1608 quod
2194 1510 2413 1605 Regis
2474 1509 2686 1589 nostri
2736 1513 2861 1589 fub
2915 1515 3099 1589 idem
3132 1512 3307 1591 tem-

911 1634 1057 1707 pus
1095 1610 1400 1686 adirentu
1423 1658 1448 1695 ,
1495 1606 1826 1705 belloque
1872 1606 2195 1705 impediri
2230 1606 2299 1679 se
2344 1606 2599 1681 dicent.
2704 1606 2988 1703 Quibus
3024 1608 3181 1687 sane
3214 1616 3321 1687 do·

915 1706 1140 1783 caufis
1189 1708 1566 1799 multisque
1599 1706 1753 1780 aliis
1773 1756 1798 1792 ,
1845 1728 2018 1799 quas
2070 1724 2193 1777 tua
2228 1702 2606 1798 prudentia
2646 1704 2851 1781 facile
2882 1728 3017 1801 per
3050 1707 3122 1782 se
3156 1711 3303 1784 col-

915 1804 1108 1899 ligit,
1155 1824 1298 1877 non
1345 1823 1618 1875 tantum
1665 1802 2003 1898 protelari
2036 1798 2255 1894 Regis
2294 1800 2673 1875 adventum
2711 1802 3067 1897 optassem.
3119 1804 3311 1880 Cum

917 1920 1150 1977 autem
1197 1916 1372 1973 voto
1422 1898 1662 1971 nostro
1709 1894 1919 1969 fimus
1958 1894 2265 1970 frustrati
2275 1944 2299 1981 .
2348 1893 2687 1984 feretum,
2735 1922 2929 1995 aegro
2964 1902 3132 1974 licet
3162 1904 3307 1977 ani-

918 2020 1034 2069 mo
1053 2047 1076 2081 ,
1127 1996 1318 2090 quod
1359 1996 1709 2084 corrigere
1743 2014 1887 2069 non
1916 1989 2290 2091 possumus.
2392 1990 2495 2065 Et
2518 1995 2781 2080 interea
2815 1994 3087 2071 causam
3120 2000 3309 2073 hanc

917 2114 1188 2187 nosque
1231 2088 1421 2185 ipsos
1465 2089 1666 2163 Dno
1723 2082 2403 2173 commendabimu3‚
2453 2084 2493 2159 Ξι
2518 2088 2687 2184 'quo
2714 2094 2939 2166 omnis
2980 2095 3203 2168 tutela
3228 2088 3321 2169 ἀ.

911 2188 1093 2264 salus
1139 2189 1451 2286 pendet,
1497 2182 1577 2261 δι
1641 2186 1716 2257 in
1769 2187 1967 2283 cujus
2019 2206 2226 2259 manu
2283 2206 2414 2259 cor
2450 2182 2667 2281 Regis
2699 2186 2839 2274 est,
2889 2188 3153 2285 quique
3186 2213 3323 2276 ea,

915 2308 1079 2383 quae
1137 2282 1454 2362 humanis
1497 2280 1780 2378 judiciis
1827 2282 2191 2379 desperata
2216 2278 2373 2357 sunt
2403 2331 2429 2370 ‚
2478 2283 2729 2361 divino
2753 2282 2877 2359 suo
2912 2286 3171 2363 auxilio
3205 2283 3321 2363 so.-

915 2384 1030 2458 lus
1049 2394 1140 2453 ‘re
1197 2402 1391 2455 arare
1429 2379 1943 2477 restaurareque
1975 2378 2225 2475 potest.
2720 2462 2727 2467 ,
3007 2403 3019 2425 “

1015 2472 1142 2549 Fri
1171 2498 1254 2549 1ae
1289 2474 1544 2547 nostrae
1563 2498 1685 2549 me
1713 2476 1921 2549 valde
1956 2473 2268 2564 miseret,
2366 2495 2484 2549 uae
2532 2496 2681 2552 tota
2725 2477 2813 2566 ins
2836 2481 3317 2571 erroresistos

922 2591 1244 2671 praeceps
1292 2567 1686 2657 fertur3'ac
1737 2572 1941 2643 initio
1993 2572 2277 2667 quidem
2407 2572 2801 2648 ubernator’
2824 2578 2969 2671 ejus
3002 2578 3213 2657 valde
3239 2577 3312 2653 se

925 2668 1234 2743 calidum
1282 2662 1622 2756 ostendit,
1669 2686 1752 2738 ut
1777 2672 1964 2739 malo
2012 2665 2407 2757 obsisteret,
2458 2668 2572 2743 sed
2594 2668 2822 2744 subito
2848 2722 2871 2757 ,
2913 2672 3074 2747 cum
3106 2672 3319 2750 rebus

925 2760 1437 2861 componendis
1489 2760 1860 2859 praesentia
1912 2766 2060 2859 ejus
2110 2765 2408 2837 maxime
2466 2789 2649 2861 opus
2708 2764 2908 2853 effet,
2978 2766 3315 2845 refrixifle

925 2860 1242 2944 videtur,
1293 2856 1765 2955 Lingiumque
1819 2856 2189 2947 concessit,
2240 2861 2316 2933 &
2370 2858 2595 2936 nescio
2630 2886 2717 2937 an
2756 2861 2882 2935 fibi
2912 2863 3318 2961 persuaderi

927 2954 1140 3046 finer,
1187 2978 1269 3031 ut
1315 2956 1486 3029 illuc
1537 2960 1812 3043 redeat,
1864 2952 1988 3027 nifi
2034 2955 2221 3049 justo
2274 2956 2640 3033 instruftus
2700 2962 3061 3051 exercitu,
3124 2966 3319 3037 unde

837 3081 846 3149 j
928 3078 1073 3128 non
1127 3072 1272 3141 tarn
1309 3053 1690 3125 remedium
1724 3103 1750 3140 ,
1797 3052 2005 3147 qnam
2038 3054 2391 3127 excidium
2422 3052 2951 3129 consecuturum
2985 3055 3088 3130 fit.
3186 3057 3315 3131 Me

932 3126 1164 3225 aut‘em
1209 3146 1456 3253 Patri3ae
1497 3170 1692 3220 amor
1719 3170 1863 3221 non
1901 3146 2147 3221 leviter
2184 3170 2620 3239 commovet,
2670 3150 2829 3225 cum
2876 3176 3021 3227 una
3046 3178 3132 3227 ex
3154 3178 3317 3251 par»

929 3270 1006 3321 te
1041 3245 1418 3317 animarum
1455 3242 1862 3317 detrimenta
1895 3244 2149 3335 video,
2202 3246 2277 3320 δι
2314 3265 2401 3319 ex
2444 3247 2575 3321 alia
2628 3248 2983 3325 interitum
3019 3253 3318 3347 propin·-

929 3344 1240 3438 quorum
1291 3338 1815 3437 amicorumque
1851 3360 2011 3415 ante
2052 3344 2299 3415 oculos
2332 3364 2551 3437 pono.

1033 3438 1397 3511 Lubenter
1445 3434 1752 3509 intellexi
1795 3458 1879 3511 ex
1912 3438 2128 3511 literis
2158 3440 2291 3511 tuis
2324 3440 2397 3509 in
2430 3438 2653 3513 Ducis
2686 3436 2962 3513 Albani.
2994 3444 3221 3539 gratia
3246 3462 3325 3519 te

937 3532 1105 3621 effe,
1160 3534 1234 3609 &
1291 3531 1436 3607 mei
1493 3553 1786 3629 quoque
1845 3534 2251 3607 memoriam
2298 3533 2590 3609 stibinde
2638 3540 2827 3631 apud
2858 3540 3053 3612 illum
3088 3538 3211 3612 abs
3252 3557 3326 3614 te

933 3632 1300 3716 renovari,
1339 3650 1558 3796 gzuem
1591 3652 1806 3703 unum
1841 3652 1928 3703 ex
1968 3628 2413 3727 Principibus
2458 3630 2821 3727 Hispaniae
2851 3636 3133 3731 plurimi
3155 3634 3323 3709 sem-

931 3748 1065 3823 per
1103 3728 1238 3799 feci
1267 3778 1290 3812 ‚
1447 3744 1716 3819 nuper,
1759 3730 2069 3801 excitato
2100 3726 2223 3799 hic
2254 3748 2571 3815 rumore,
2624 3731 2815 3801 illum
2844 3752 2975 3825 per
3016 3728 3327 3805 Galliam

933 3828 1078 3895 huc
1113 3822 1484 3917 praemitti,
1535 3844 1676 3893 non
1713 3820 1852 3896 l'evi
1890 3824 2149 3919 gaudio
2186 3820 2475 3897 affestus
2508 3820 2653 3907 fui,
2705 3850 2845 3898 non
2886 3824 3105 3899 solum
3139 3826 3339 3922 quod

935 3921 1136 3992 illum
1181 3916 1505 3991 comitem
1549 3914 1710 3993 Rex
1740 3918 2106 3993 habiturus
2145 3916 2346 4001 ess'et,
2396 3918 2519 3993 sed
2558 3920 3287 4017 etiampraecursorem
3306 3972 3339 4011 a

791 4030 798 4045 ·
939 4015 1063 4183 zui
1099 4010 1328 4087 saltem
1367 4014 1442 4089 ὅτ.
1471 4012 1814 4091 bonorum
1850 4014 2039 4109 spem
2078 4014 2501 4108 aliquantum
2540 4016 3020 4107 confirmaret,
3072 4016 3339 4093 &con-

891 4112 896 4119 '
993 4112 1103 4184 liis
1157 4112 1287 4184 suis
1351 4132 1458 4185 res
1495 4110 1616 4184 hic
1650 4114 1739 4185 ad
1779 4106 2001 4205 Regis
2042 4108 2421 4185 adventum
2455 4108 2850 4202 sustineret3
2898 4115 3144 4191 verum
3174 4128 3341 4193 cum

940 4208 1030 4288 d'e
1061 4232 1148 4289 eo
1174 4210 1352 4286 nihil
1387 4210 1776 4291 tuaeliterae
1813 4206 2259 4312 contineant,
2308 4205 2429 4307 spe
2474 4209 2673 4287 omni
2706 4208 3209 4409 excidimus-Q
3290 4210 3350 4385 αἱ

1058 4346 1068 4350 -
2094 4318 2133 4333 ··
3194 4328 3289 4385 uo
3343 4354 3351 4361 .
