3700 4884
905 298 1778 483 572·v1GL11An
1835 293 3191 452 AYTTAzm-cHEm

901 553 1312 638 exceffivam
1349 543 1941 646 conquerentibus
1960 596 1983 633 ,
2030 538 2262 638 adhuc
2282 537 2721 614 laboramus:
2768 537 3031 610 interea
3068 533 3329 610 Geldri

905 652 1312 753 quingentis
1368 649 1444 722 &
1478 642 1986 740 quinquaginta
2028 634 2333 711 millibus
2376 635 2450 705 in
2478 647 2781 729 quatuor
2820 635 3017 704 annis
3054 629 3329 706 solven-

904 755 1012 827 dis
1069 745 1480 844 petitionem
1543 738 1985 812 redemerunt
2022 787 2046 823 ,
2120 755 2203 806 ac
2255 725 2460 804 Frifii
2512 724 2727 803 nostri
2778 749 3065 803 centum
3114 730 3333 804 millia

903 845 1308 923 obtulerunt
1325 895 1348 932 ,
1397 837 1652 935 quibus
1698 831 2140 908 Excellentia
2180 826 2297 902 sua
2349 846 2493 901 non
2532 844 2863 902 contenta
2880 875 2906 913 ,
2951 823 3163 930 super
3188 847 3329 899 ma-

901 949 1056 1044 jore
1101 938 1370 1013 summa
1417 931 1673 1008 insistit.
2800 1019 2816 1036 .

1008 1037 1344 1130 Conjtmx
1394 1029 1486 1102 D.
1527 1027 1623 1101 T.
1657 1021 1997 1099 Goudam
2032 1017 2322 1105 secem,
2374 1017 2603 1094 donec
2636 1017 2707 1091 R
2800 1037 2913 1090 ma
2944 1016 3177 1091 nostra
3208 1016 3331 1089 ad-

905 1135 1150 1211 veniat
1169 1183 1192 1218 ,
1239 1151 1370 1201 nec
1405 1125 1594 1202 aliud
1631 1122 1863 1196 habeo
1886 1171 1909 1207 ,
1960 1117 2155 1215 quod
2212 1119 2353 1192 hoc
2403 1137 2719 1212 tempore
2790 1113 3077 1212 cribam.
3178 1111 3331 1188 Ne·

961 1262 968 1266 .‚
1011 1250 1116 1302 tes
1151 1226 1333 1308 mei,
1381 1220 1907 1313 Decamanique
1929 1269 1952 1306 ,
2004 1236 2147 1288 non
2182 1211 2435 1288 dubito
2480 1212 2650 1308 quin
2688 1211 2776 1285 de
2810 1231 2993 1282 nova
3024 1211 3331 1304 pecunia

963 1325 1042 1398 bi
1090 1319 1450 1419 provideri
1495 1316 1848 1412 optabunt
1880 1361 1907 1398 ,
1972 1309 2219 1386 versun
2260 1305 2561 1419 expeliio
2612 1308 2839 1382 donec
2892 1301 3326 1415 fignificent‚

911 1423 1034 1494 cui
1087 1437 1201 1490 me
1253 1437 1406 1489 eam
1453 1433 1813 1485 numerare
1868 1409 2091 1482 velint
2126 1457 2149 1494 ,
2220 1429 2301 1479 ac
2360 1423 2628 1503 interea
2689 1401 2788 1475 D.
2842 1401 2934 1476 V.
2986 1399 3280 1475 confilio
3300 1454 3327 1488 ‚

915 1515 1317 1607 auxilioque
1389 1510 1692 1604 aliquam
1757 1503 2068 1577 inveniet
2103 1504 2447 1576 rationem
2480 1553 2503 1589 ,
2552 1521 2693 1596 qua
2740 1496 2877 1572 suis
2920 1496 3328 1572 neceffimti-

913 1611 1048 1685 bus
1095 1605 1530 1682 subveniant.
1580 1601 2001 1676 Folcardurn
2040 1617 2271 1672 autem
2286 1647 2311 1686 ,
2357 1595 2413 1668 fi
2447 1596 2679 1670 adhuc
2725 1593 2917 1692 apud
2960 1617 3091 1666 vos
3138 1594 3325 1688 agit.

913 1705 1013 1782 D.
1065 1703 1159 1776 V.
1209 1721 1524 1796 rogatam
1563 1698 1831 1779 habeo,
1880 1714 1964 1768 ut
2006 1717 2165 1768 eum
2194 1693 2605 1780 admoneat,
2654 1715 2800 1787 quo
2850 1693 2965 1763 ita·
2986 1688 3157 1764 sein
3220 1687 3325 1761 D.

911 1797 1011 1872 V.
1060 1797 1410 1892 obsequiis
1456 1791 1762 1868 servitiis
1795 1815 1887 1864 ue
1920 1811 2155 1887 gerat,
2200 1791 2311 1864 uti
2358 1811 2469 1862 me
2496 1791 2685 1862 velle
2716 1787 3086 1882 intelligit,
3136 1784 3327 1857 &ad

909 1897 1110 1972 illum
1141 1893 1390 1988 saepins
1425 1887 1737 1988 perscrip
1767 1911 1814 1961 1.
1866 1885 2055 1961 Bene
2086 1888 2287 1972 vale,
2333 1883 2781 1958 Hormina
2831 1881 2989 1957 CL.
3040 1878 3329 1952 Bruxel-

911 1993 1025 2066 lae.
1071 1989 1408 2088 postridie
1453 1985 1554 2060 D.
1603 1983 1905 2079 Joannis
1952 1979 2287 2079 Bapzistae
2342 2000 2464 2056 cio
2508 2001 2585 2054 ιο
2622 2001 2789 2054 Lxx.
3240 1993 3245 2001 ’

1388 2199 2407 2296 EPISTOLA
2526 2195 2882 2301 CVI.

1143 2508 1151 2518 ,
1297 2437 1578 2532 Mittit
1649 2439 2065 2556 duplicata
2128 2441 2567 2572 ‘literarum
2607 2439 2976 2553 suarum.

1062 2681 1150 2758 L.
1201 2679 1298 2754 D.
1347 2677 1815 2760 Horranr.
1864 2679 2251 2778 Superiore
2283 2677 2512 2758 mense
2542 2679 2810 2778 aliquot
2860 2680 2949 2756 ad
2987 2699 3057 2757 te
3088 2682 3323 2760 literas

1117 2777 1320 2864 dedi,
1371 2776 1620 2852 venim
1653 2777 1840 2861 cuim,
1867 2780 2247 2876 intelligam
2280 2829 2301 2865 ,
2332 2833 2339 2838 -
2368 2803 2483 2853 eas
2536 2780 2610 2850 in
2660 2776 3091 2853 occasionem
3137 2781 3329 2855 ordi-

920 2875 1100 2950 narii
1143 2869 1442 2948 cursoris
1479 2875 1815 2960 detineri,
1874 2897 2033 2949 cum
2078 2877 2221 2948 hoc
2283 2873 2827 2950 extraordinario
2845 2926 2867 2962 ‚
2917 2896 3125 2971 quem
3175 2875 3325 2950 abi-

920 2993 1159 3046 turum
1191 2969 1376 3044 forte
1405 2969 1720 3044 intellexi
1737 2971 2101 3066 ‚exempla
2131 2970 2483 3046 literarum
2504 3021 2527 3056 ‚
2552 2993 2725 3065 quas
2752 2965 3102 3068 superiore
3132 2995 3329 3044 men-

915 3065 988 3140 se
1021 3067 1110 3140 ad
1159 3087 1229 3140 te
1277 3065 1490 3154 dedi,
1539 3070 1918 3162 adjungere
1965 3068 2205 3155 volui,
2250 3087 2333 3139 ut
2364 3067 2598 3142 saltem
2626 3087 2767 3139 una
2798 3085 2914 3140 aut
2952 3071 3163 3140 altera
3194 3070 3322 3140 via

917 3161 1010 3234 de
1029 3161 1334 3256 publicis
1370 3161 1791 3257 privatisque
1824 3163 2030 3236 rebus
2058 3165 2321 3238 certior
2349 3163 2569 3241 fieres.
2620 3162 2811 3237 Bene
2841 3163 3038 3254 vale,
3080 3157 3163 3237 H
3182 3179 3326 3238 οἳ·

917 3274 1148 3332 rann
1199 3257 1354 3335 CL.
1405 3257 1773 3332 Bruxellae.
1822 3279 1944 3334 111.
1993 3257 2178 3353 Julii.
2226 3279 2342 3336 cio
2390 3279 2467 3336 10
2516 3279 2677 3332 Lxx.

1305 3473 2346 3573 EPISTOLA.
2468 3475 2933 3599 ov11.

905 3709 1254 3832 Repetit·
1301 3741 1400 3804 ea
1419 3777 1450 3823 ,
1523 3741 1710 3833 quae
1773 3724 1857 3806 in
1922 3723 2481 3810 condonatione
2572 3719 2840 3842 Regia
2890 3723 3325 3844 pleros-qul·

1017 3827 1517 3934 ffnderint.
1639 3831 1792 3920 De
1821 3853 2173 3948 quatuor
2198 3833 2591 3946 siv-mulis
2646 3839 3223 3948 condonationis
3248 3867 3324 3927 ‚a

997 3935 1096 4050 se
1147 3965 1300 4025 non
1355 3943 1562 4060 vifis.
1682 3943 1846 4034 Ed
1849 3945 2095 4036 elium
2152 3949 2688 4054 ministrorum
2746 3951 3063 4062 consilia
3106 3973 3328 4040 exte·

1011 4075 1297 4138 rorum
1353 4057 1673 4166 placitis
1735 4059 2196 4176 posthabita.
2316 4061 2465 4153 De
2518 4065 3059 4182 praepqlitura‘
3104 4065 3333 4157 Bols-

1013 4165 1462 4278 wardienst.
1525 4261 1558 4294 ·.
1578 4169 1736 4278 Da
1745 4173 2179 4286 ventrienfi
2216 4171 2333 4271 ἔθ’
2361 4173 2994 4280 Ruremundano
3046 4179 3333 4317 891]ωέ-

1701 4362 1714 4375 .
3192 4317 3337 4410 pis

2523 4651 2573 4676 s
