3700 4884
171 4396 185 4401 ι
300 4304 395 4370 Le
428 4324 579 4391 parc
618 4306 690 4373 de
731 4304 1078 4374 Bruxettes.

2706 0 2778 37 “2‘'

401 392 1037 515 EPISTOLAE
1087 416 1287 529 AD,
1322 415 1753 531 JOACH.
1776 522 1787 531 ,
1810 418 2535 521 HOPPERUM.
2575 437 2749 550 469

824 624 1845 797 E‘PISTOLA
1962 588 2218 763 L'V.

342 875 703 995 Tsbmmo
772 868 1155 963 Rollema
1212 878 1293 960 in·
1328 875 1335 881 ’
1368 900 1695 977 carcere
1771 872 2295 980 Bruxellenfi
2324 936 2353 977 ,
2434 879 2530 963 de
2584 906 2738 993 quo

444 990 539 1087 V
533 986 705 1103 igliz·
762 990 1061 1076 inimici
1122 992 1205 1072 in
1228 985 1418 1093 smu
1482 990 1772 1073 rident.
1895 982 2472 1094 Namurcensts
2528 990 2742 1078 Pen-

342 1162 350 1171 -
412 1102 827 1213 fionarius
887 1098 1185 1186 ultimo.
1206 1096 1609 1212 supplicio
1658 1098 1976 1211 plexus.
2035 1098 2502 1189 Advocatus
2531 1102 2740 1191 Hol-

440 1215 733 1301 landiae
786 1216 871 1297 in
927 1238 1253 1296 carcere
1306 1230 1686 1299 mortuus.
1798 1212 1952 1299 De
1967 1210 2534 1327 ¹Uniwrsttate
2578 1214 2740 1305 Lo-

384 1435 390 1440 *
438 1322 817 1435 vaniensi.
941 1318 1296 1414 Viduam
1366 1320 1918 1436 ⁴Thtfaurmv‘i
1982 1322 2282 1435 Boisoti
2357 1356 2738 1421 commen·

341 1458 357 1476 ’
438 1440 610 1529 dat.
632 1466 651 1477 ⁴
716 1428 873 1564 'De
927 1436 1295 1551 originali
1359 1434 1835 1553 Corfi’ffione
1886 1436 2385 1553 Augustana.

320 1656 667 1837 ANte
708 1657 1200 1764 quatriduum,
1231 1659 1385 1738 CL.
1409 1660 1479 1736 D
1511 1660 1595 1735 H
1616 1684 1960 1739 ornent
1980 1714 2006 1753 ,
2038 1666 2202 1741 dedi
2225 1668 2337 1761 M.
2375 1664 2734 1760 Postarum

562 1754 967 1833 fasciculum
992 1758 1353 1833 literarum
1402 1760 1489 1833 ad
1532 1778 1600 1834 te
1648 1758 2273 1839 transmittendum.
2374 1762 2736 1855 Quoniam

214 1906 223 1909 -
324 1876 561 1931 autem
619 1854 977 1941 intellexi,
1026 1856 1335 1949 nondum
1388 1855 1671 1929 abiviss‘e
1718 1856 2105 1943 cursorem,
2153 1862 2297 1935 hoc
2342 1862 2733 1957 epistolium

323 1953 669 2047 adjiciam.
770 1948 890 2025 De
924 1948 1479 2025 accusationibus
1520 1952 1845 2027 adversus
1873 1952 2372 2031 Tsotnmonem
2405 1959 2580 2031 nihil
2616 1962 2738 2033 ad-

322 2051 473 2123 huc
526 2048 724 2127 licuit
782 2048 1189 2141 intelligere.
1320 2046 1661 2145 Traditus
1712 2069 1944 2121 autem
1997 2043 2336 2125 custodiae
2379 2054 2454 2125 in
2500 2073 2732 2147 porta.

320 2142 527 2236 (24)
577 2140 1185 2238 fflttuteubutsslu
1234 2142 1333 2215 ita
1362 2136 1546 2215 arCte
1590 2143 1848 2217 ibidem
1881 2142 2371 2231 conservatur,
2417 2168 2498 2219 ut
2524 2150 2737 2221 nemi-

318 2242 398 2313 ni
432 2240 523 2311 ad
566 2262 725 2313 eum
760 2259 994 2334 pateat
1022 2235 1343 2311 access‘uS.
1440 2237 1715 2312 Vereor
1742 2258 1978 2311 autem
2001 2288 2026 2321 ,
2073 2264 2162 2313 ne
2207 2241 2422 2335 ipsius
2451 2243 2732 2318 libertas

318 2330 611 2409 forfitan
654 2335 1029 2407 nonnullos
1062 2331 1525 2407 Ecclesiastici
1558 2336 1821 2407 ordinis
1852 2332 2265 2410 offenderit:
2305 2340 2380 2413 ὅτ,
2418 2340 2732 2434 inprimis

320 2430 586 2505 Strium
632 2428 991 2503 Vicarium
1026 2478 1051 2515 ,
1122 2428 1321 2524 cujus
1370 2424 1737 2523 querulum
1770 2480 1795 2514 ,
1861 2432 2329 2527 acerbumque
2375 2436 2731 2529 ingenium

316 2524 523 2601 nosti.
623 2524 723 2601 Et
774 2548 851 2599 ut
878 2524 1197 2622 plerique
1234 2526 1435 2598 amici
1472 2530 1619 2620 eJ'us
1678 2524 1926 2597 ca'sum-
1953 2526 2234 2609 dolent,
2285 2526 2378 2601 fic
2417 2554 2559 2605 non
2613 2532 2730 2606 de-

312 2620 476 2697 sunt
505 2623 829 2695 malevoli
851 2673 873 2708 ,
922 2622 1093 2717 qui,
1144 2620 1339 2715 quod
1368 2624 1488 2694 ille
1542 2642 1610 2695 te
1636 2671 1661 2708 ‚
1706 2644 1956 2717 meque
1977 2674 2002 2711 ,
2051 2620 2170 2697 seu
2216 2646 2552 2719 cognatos
2609 2624 2728 2700 seu

312 2737 653 2816 patronos
688 2739 945 2801 vocare
981 2715 1195 2803 solet,
1244 2720 1319 2789 in
1341 2714 1487 2790 finu
1526 2719 1773 2793 rident.
1877 2718 2106 2814 Spero
2137 2737 2404 2803 tamen,
2457 2718 2506 2793 fi
2537 2726 2724 2819 apud

316 2836 559 2910 aequos
582 2814 856 2911 judices
889 2812 1103 2889 causa
1137 2832 1383 2909 agetur
1404 2864 1429 2903 ‚
1479 2810 1829 2887 afflonum
1862 2812 2130 2889 suarum
2163 2817 2391 2911 probe
2432 2842 2592 2891 eum
2624 2842 2734 2892 ra-

313 2916 586 2984 tionem
630 2912 1083 2985 redditurum.
1666 2937 1671 2943 ·

411 3006 909 3083 Namurcenfis
946 3005 1463 3090 pensionarius,
1494 3006 1934 3082 Namurcum
1970 3028 2192 3101 nuper
2221 3004 2532 3079 remissus
2549 3056 2576 3093 ,
2625 3008 2728 3081 ul·

308 3105 488 3177 timo
524 3101 626 3174 ibi
666 3101 1013 3200 supplicio
1068 3107 1319 3197 plexus
1360 3104 1477 3175 est.
1581 3102 1994 3174 Hollandiae
2036 3122 2272 3174 autern
2317 3102 2726 3177 Advocatus

308 3198 614 3273 Eindius
662 3200 733 3271 in
784 3222 1057 3273 carcere
1088 3198 1209 3271 hic
1238 3202 1451 3270 vitam
1494 3196 1757 3285 finivit:
1806 3195 2054 3269 verum
2091 3194 2408 3279 adversus
2439 3199 2725 3271 viduam
2824 3248 2837 3256 -

309 3318 397 3367 ac
426 3294 688 3365 liberos
722 3285 1069 3393 process’us
1102 3294 1465 3367 resumitur
1489 3344 1511 3379 ,
1562 3294 1675 3378 id,
1708 3291 1900 3386 quod
1943 3296 2206 3366 caeteris
2250 3296 2546 3395 captivis
2583 3319 2723 3373 me-

304 3412 461 3462 tum
498 3412 783 3485 quoque
834 3392 1103 3464 incutit.

400 3484 685 3561 Placuit
730 3484 1171 3559 Illustriffimo
1203 3482 1396 3557 Duci
1434 3482 1521 3557 ad
1563 3482 1831 3577 Regem
1870 3484 2328 3559 transmittere
2365 3486 2721 3561 Universi·
2769 3530 2786 3547 κ

304 3586 472 3659 tatis
524 3580 986 3679 Lovanienfis
1024 3578 1419 3676 responsum
1450 3580 1654 3674 super
1686 3580 2040 3675 diligentia
2075 3578 2567 3656 professorum.
2621 3582 2721 3655 Et

348 3680 474 3753 'uia
506 3680 767 3775 aliquid
790 3680 1221 3775 -explicatius
1247 3680 1335 3750 de
1370 3676 1465 3751 D.
1492 3676 1801 3757 Hunneo
1833 3674 2228 3769 Tyletanus
2252 3679 2340 3748 ad
2364 3701 2471 3749 me
2504 3676 2717 3771 scrip·-

333 3797 432 3857 1t,
480 3774 701 3849 visum
751 3778 922 3849 mihi
966 3776 1098 3848 fuit
1123 3782 1269 3847 'non
1302 3776 1427 3847 abs
1463 3798 1538 3849 re
1569 3798 1678 3849 me
1714 3770 2100 3853 fastui-um,
2151 3770 2202 3843 fi
2239 3774 2598 3845 literarum
2640 3796 2714 3845 e·

289 3870 407 3966 jus
441 3873 805 3947 articulum
844 3870 1029 3949 hisce
1054 3872 1520 3969 adjungerem.
2587 3962 2682 4041 V.

2664 3989 2716 4039 1.

387 4136 558 4287 524)
604 4138 783 4232 Quae
817 4140 921 4234 ‚est
954 4142 1025 4237 in
1058 4140 1319 4229 oppido
1358 4138 1796 4238 Bruxellenfi*
1825 4138 2013 4235 inter
2042 4136 2396 4205 ecclesiam
2437 4138 2526 4204 D.
2573 4134 2725 4237 Gu-

298 4222 393 4287 du
424 4241 519 4297 ae,
564 4220 635 4289 ὅτ
680 4222 1099 4289 dearmm
1143 4226 1389 4304 Aulze,
1429 4246 1499 4293 m
1543 4246 1680 4311 quo
1725 4234 2130 4327 nutriuntur
2157 4224 2420 4292 Damae.
2465 4221 2719 4307 Vulgo.

1470 4386 1670 4463 Ooo
