3700 4884
388 368 1053 469 EPISTOLAE
1105 368 1287 465 AD
1314 364 1752 483 JOACH.
1788 371 2506 527 HOPPERUM.
2565 387 2736 505 637
2833 460 2836 463 ,
2925 444 2932 460 .

304 564 476 644 stro
525 567 731 642 initio
766 562 891 663 sug
940 564 1224 641 efferam
1238 622 1259 653 ‚
1309 585 1519 661 atque
1554 563 1922 643 inferiores
1969 568 2258 646 vasallos
2273 623 2298 659 ,
2349 570 2740 653 confiscatis

297 708 309 717 -
410 665 841 760 incipalibus
916 664 1163 749 cudis,
1210 662 1249 737 a
1286 662 1543 759 quibus
1572 664 1695 736 illa
1743 666 2275 755 relevabantur,
2325 671 2410 743 ad
2451 669 2742 747 Curiam

374 762 682 857 rincipis
720 760 1157 855 Comitisque
1188 760 1599 833 Hollandiae
1632 762 1918 835 evocari
1957 762 2059 835 ini
2092 764 2455 858 placuerat
2471 818 2499 857 ,
2597 769 2738 843 ost·

292 880 403 933 ea
462 876 695 1027 (εἶρε-ιι
718 908 743 944 ,
814 854 1049 931 nescio
1087 856 1339 953 quibus
1386 853 1653 931 artibus
1672 907 1697 946 ,
1743 856 1819 931 id
1849 854 2249 934 subvertere
2283 880 2520 937 nonnu
2580 866 2596 879 ‘
2620 888 2738 939 co-

324 974 492 1029 natl
546 973 691 1028 unt.

418 1048 653 1139 Quod
700 1047 801 1123 D.
842 1046 941 1121 V.
987 1046 1224 1122 scribit
1258 1046 1495 1121 mirari
1522 1045 1591 1120 se
1628 1049 1812 1123 unde
1842 1048 2116 1124 accidat
2136 1102 2160 1136 ,
2209 1050 2400 1148 quod
2435 1056 2523 1129 ad
2557 1058 2738 1131 mul-

304 1168 433 1221 tas
486 1150 731 1225 literas
786 1145 1059 1239 negotia
1116 1166 1245 1227 ue,
1296 1164 1457 1237 quae
1502 1140 1756 1219 isthinc
1779 1146 2208 1235 -mittuntur,
2261 1172 2405 1221 non
2449 1150 2738 1248 respon·

308 1242 627 1327 deatur,
672 1246 813 1341 jam
851 1168 1194 1312 antean.
1230 1236 1325 1309 V.
1371 1236 1847 1328 subindicavi,
1899 1244 2260 1335 quomodo
2294 1246 2418 1319 hic
2445 1252 2732 1343 negotia

314 1338 725 1413 traffizntur
750 1388 770 1417 ‚
835 1338 977 1409 hoc
1028 1335 1167 1420 est,
1240 1358 1381 1407 non
1444 1358 1568 1419 eo,
1620 1360 1761 1428 quo
1812 1336 2234 1413 consuevere
2285 1344 2540 1433 modo,
2610 1344 2734 1421 sed

292 1434 627 1509 omuino
686 1431 1071 1527 Hispanice
1112 1452 1135 1517 3
1208 1427 1501 1503 Consilii
1548 1434 1732 1507 enim
1784 1430 2026 1511 Status
2065 1436 2260 1509 nulla
2294 1441 2594 1536 amplius
2635 1440 2736 1516 est

298 1529 559 1605 forma
582 1581 605 1616 ,
654 1526 1117 1622 Praefidisque
1176 1524 1444 1600 Secreti
1491 1526 1786 1600 Consilii
1834 1526 1937 1600 D.
1990 1528 2424 1626 T'ysenachii
2461 1558 2603 1609 non
2635 1536 2734 1611 est

309 1627 713 1701 authoritas
756 1678 779 1714 ,
845 1646 1005 1719 quae
1048 1619 1621 1717 praedecess'orum
1685 1622 1972 1700 fixorum
2029 1626 2187 1701 fuit.
2284 1626 2450 1725 Ego
2501 1655 2730 1707 autem

218 1788 259 1807 x
303 1720 455 1799 etfi
495 1743 703 1796 aetate
756 1719 1299 1813 valetudineque
1358 1722 1451 1793 im
1512 1718 1747 1809 ediar,
1802 1746 1948 1817 quo
1992 1724 2223 1797 minus
2253 1747 2332 1796 ea
2356 1776 2380 1815 ,
2431 1752 2594 1826 quae
2622 1728 2730 1804 so-

301 1819 441 1893 -leo
458 1868 483 1915 2
530 1820 775 1891 munia.
833 1812 1029 1889 obire
1072 1812 1349 1911 poffum
1370 1866 1393 1899 ,
1514 1816 1628 1891 cio
1678 1834 1910 1892 tamen
1947 1818 2142 1915 quod
2193 1818 2363 1895 Dux
2407 1825 2726 1910 mandat,

298 1918 727 2012 -relinquens
770 1912 905 1985 alia
952 1913 1239 2008 negotia
1258 1962 1283 1997 ,
1332 1908 1729 1985 secretario
1760 1912 1985 1987 Ducis
2027 1914 2445 1991 Albernotio
2462 1971 2485 2008 ,
2535 1924 2730 2017 apud

301 2034 539 2109 quem
574 2009 907 2107 primaria
952 2010 1050 2085 est
1088 2006 1471 2081 authoritas
1510 2006 2213 2105 Courtewiniumque
2247 2036 2458 2107 quem
2488 2038 2728 2089 tamen

303 2110 663 2183 valetudo
680 2128 827 2179 non
862 2126 949 2177 ea
980 2101 1591 2199 obirepermittit,
1638 2124 1803 2198 quae
1832 2102 2047 2200 ipsius
2081 2108 2402 2184 alacritas
2432 2112 2727 2205 expetit.

308 2204 669 2279 Omnium
727 2221 901 2274 vero
948 2198 1252 2273 maxima
1308 2199 1691 2273 authoritas
1744 2200 1841 2273 est
1895 2204 2080 2296 apud
2127 2200 2431 2300 Vargam
2459 2258 2484 2295 ,
2532 2205 2730 2303 cujus

304 2299 624 2399 judicio·
660 2294 845 2369 stant
892 2293 1293 2389 caduntque
1352 2316 1463 2367 rea
1497 2290 1749 2369 nostrae
1766 2346 1790 2384 ,
1840 2294 2168 2371 adversus
2213 2322 2427 2394 quern
2457 2316 2731 2375 tantum

314 2418 433 2493 po
485 2396 590 2467 uli
622 2391 863 2467 odium
916 2388 1054 2476 est,
1103 2410 1185 2463 ut
1241 2389 1397 2487 ipso
1426 2410 1762 2487 regnante
1779 2440 1804 2479 ,
1852 2393 1940 2467 ad
1981 2395 2286 2489 quietem
2335 2397 2580 2471 reduci
2617 2422 2729 2472 res

312 2417 606 2566 nefins.
624 2484 799 2563 boni
822 2510 1060 2559 omnes
1106 2484 1517 2582 desperent,
1563 2486 1980 2583 videbitque
2022 2488 2114 2562 D.
2163 2489 2257 2565 V.
2318 2514 2406 2565 ex
2437 2496 2728 2585 negotio

313 2582 799 2683 Trajefitenfi,
846 2607 985 2679 qua
1024 2583 1347 2677 aequitate
1381 2578 1505 2655 sub
1536 2584 1785 2658 talibus
1804 2584 2152 2674 iudicibus
2171 2610 2282 2659 res
2395 2588 2728 2665 rtraEken·

315 2702 464 2783 tur.
564 2680 757 2755 Haec
788 2682 989 2791 volui
1022 2677 1281 2790 addere
1313 2677 1403 2753 ad
1436 2673 1825 2778 superiores
1861 2682 2140 2768 literas}
2189 2687 2312 2852 (fii
2364 2709 2446 2759 us
2481 2684 2728 2762 vestris

302 2770 2018 3068 {Eiffisssffiimmessssssssnfffs’fflfiss:
2069 2776 2545 2975 ¹}ntv2313'12?
2555 2793 2723 2953 332:

308 3004 317 3013 ·
490 3026 509 3047 .
571 2990 703 3047 cm
756 2988 838 3043 ιο
888 2987 1091 3044 uxr.
1186 3004 1195 3014 ·

718 3160 1732 3269 EPIS'TOL'A
1850 3174 2320 3305 CXLI.
2403 3210 2434 3227 -

320 3403 914 3499 Gubematoris
942 3400 1273 3497 Antver
1331 3404 1555 3513 iensts
1580 3400 1924 3519 potestas
1959 3402 2292 3516 rasit-ina
2325 3407 2720 3519 :cumm-

374 3566 381 3572 ·
420 3518 717 3637 pendia
774 3516 897 3604 bis
953 3514 1179 3601 mille
1300 3544 1417 3602 or.
1484 3516 1818 3627 Consilio
1843 3518 2174 3631 justitiae
2231 3526 2311 3605 in
2365 3548 2461 3607 ea
2515 3518 2718 3607 urbe

432 3632 775 3743 instituto
802 3636 1143 3746 praeerit
1168 3692 1193 3733 ,
1248 3636 1377 3717 cui
1429 3626 1814 3747 affl’ſjbres
1858 3658 1962 3719 ex
1979 3629 2330 3745 scabinis
2362 3630 2480 3719 ali
2533 3654 2676 3719 uot
2685 3694 2718 3737 ,

314 3756 323 3765 '
430 3777 539 3837 ex
616 3742 853 3837 Cons.
931 3739 1397 3833 Brabantt’ae
1434 3740 1624 3837 bini
1658 3804 1685 3848 ‚
1756 3744 1953 3831 dati.
2072 3742 2402 3833 Dubius
2531 3748 2718 3855 ujus

426 3864 889 3950 mutationis
904 3855 1245 4059 {ructus
1259 3916 1288 3961 ,
1352 3854 1691 3965 Consilio
1763 3856 1857 3949 V
1847 3854 2018 3970 iglii
2055 3854 2242 3969 defu
2345 3884 2396 3942 r
2421 3852 2714 3947 habito·

427 3966 577 4064 D'e
601 3969 865 4060 rotulo
954 3952 1593 4083 etzqficialkffiDe
1622 3999 1706 4055 x.
1748 3971 2063 4053 denarii
2105 3967 2233 4055 col
2259 3976 2536 4058 ectione
2569 3993 2718 4088 pu·

318 4158 325 4163 .
430 4081 793 4171 blicanda
828 4090 1211 4199 angitur,
1258 4079 1579 4176 Albano
1616 4076 2071 4193 affimante
2119 4078 2429 4203 Regem
2469 4088 2559 4175 id
2584 4080 2716 4174 ab.

356 4194 677 4315 solute
700 4193 1169 4311 praeceptffi·
1375 4309 1641 4387 Mmm
1684 4332 1753 4387 m
2558 4306 2714 4385 cL-
