3700 4884
483 398 1123 498 EPISTOLAE
1184 398 1363 491 AD
1397 402 1443 512 J
1450 398 1833 497 OAGH.
1872 396 2587 495 HOPPERUM.
2649 428 2814 520 727

776 604 1789 715 EPISTO·LA
1926 624 2416 719 CXCI.

423 851 729 944 Novus
790 846 1307 967 Gubernator
1356 850 1837 966 Antverpiae
1872 846 2216 970 subststit
2234 912 2262 954 ,
2287 860 2410 939 ‘ut
2464 848 2816 943 Melae!-

368 1042 375 1047 ,
420 1038 433 1051 .
532 965 785 1081 burgo
835 964 1299 1079 succurrat.
1415 965 1631 1055 Dux
1697 961 1932 1052 Albae
1983 964 2247 1051 Italiae
2292 973 2826 1081 propinquari

424 1140 432 1147 -
532 1078 883 1194 Joannis
931 1108 983 1161 a
1030 1077 1444 1193 Mendqffa
1483 1078 1745 1165 caedes.
1873 1075 2156 1166 Obitus
2191 1076 2502 1193 aliquot
2543 1073 2810 1163 Abba-

532 1214 707 1279 tum
728 1254 755 1293 ,
810 1189 1305 1305 aliorumque
1338 1189 1984 1301 monasteriorum
2033 1196 2369 1278 vacatio,
2429 1188 2576 1278 De
2605 1187 2816 1306 Epa·-

505 1302 736 1427 stopa·
786 1300 1507 1421 Middelburgenfis
1534 1298 1958 1424 succcffire
1973 1366 2003 1411 ‚
2058 1332 2154 1395 ac
2209 1306 2307 1395 de
2335 1306 2582 1395 vidua
2601 1324 2806 1421 prae-

503 1416 720 1533 sadis
760 1412 1245 1533 Zysbnachie‘.
2521 1504 2530 1509 .

430 1644 699 1811 (Ἶλ
758 1642 856 1719 D.
928 1642 1013 1720 H
1030 1666 1417 1731 ortena,
1466 1644 1587 1720 ubi
1638 1646 1940 1745 primum
1969 1643 2364 1722 noviffimas
2392 1646 2630 1722 literar
2663 1665 2816 1731 tuas

560 1786 581 1805 ι
620 1768 776 1817 xv1.
828 1741 1203 1819 Decembr.
1256 1744 1451 1815 datas
1484 1742 1932 1839 accepiss'em,
1956 1739 2320 1817 confestim
2359 1744 2620 1838 aliquid
2649 1742 2816 1838 ipfia

422 1838 791 1936 respondi,
817 1862 925 1929 ,ne
976 1837 1411 1913 occasionem
1466 1840 1849 1927 amitterem
1915 1842 2004 1912 ad
2038 1862 2110 1915 te
2138 1836 2521 1928 scribendi,
2569 1839 2663 1914 ob
2692 1842 2821 1913 im·

421 1935 773 2033 provisam
849 1932 1139 2009 fortassis
1210 1933 1504 2007 cursoris
1560 1936 2021 2008 dimiffionem.
2119 1934 2305 2007 Cum
2361 1934 2820 2011 Gubernator

424 2052 656 2103 novus
709 2050 869 2104 ante
922 2029 1093 2105 festa
1140 2030 1453 2102 natalitia
1486 2028 1944 2125 Antverpiam
1985 2030 2410 2119 concedens,
2461 2034 2690 2107 adhuc
2719 2032 2820 2103 ibi

420 2127 684 2200 haereat
710 2175 733 2210 ,
783 2146 863 2199 ut
892 2125 1400 2220 Middelburgo
1447 2146 1749 2198 extreme
1790 2124 2140 2200 laboranti
2180 2123 2531 2235 suppetias
2577 2124 2818 2199 inferri
2943 2117 2976 2140 ‘⁸

420 2242 791 2317 procuret,
844 2245 1015 2317 quas
1060 2244 1316 2314 magno
1346 2227 1711 2295 conamine
1750 2222 2083 2309 molitur-3
2130 2224 2685 2317 ammadvertens
2713 2223 2820 2297 in-

421 2322 512 2393 de
554 2341 981 2413 magnopere
1012 2315 1297 2389 salutem
1329 2316 1533 2412 hujus
1572 2317 1970 2390 Provinciae
2003 2317 2426 2415 dependere.

526 2414 805 2489 Ducem
847 2414 1097 2500 Albae,
1146 2414 1268 2507 qui
1290 2412 1694 2508 jamdudum
1727 2417 1757 2503 (
1787 2414 1894 2486 uti
1921 2415 2116 2507 prius
2153 2410 2535 2509 significavi
2569 2416 2602 2503 )
2650 2412 2820 2490 hinc

427 2510 763 2593 disceffit‚
781 2510 1001 2585 ltaliae
1012 2512 1269 2604 propin
1324 2532 1485 2581 uum
1521 2508 1653 2581 ess'e
1676 2562 1698 2597 ,
1746 2505 1783 2603 (
1816 2532 1974 2581 cum
2003 2508 2180 2583 nihil
2209 2511 2272 2583 ei
2305 2507 2566 2585 adven-fi
2589 2511 2665 2583 in
2705 2510 2819 2585 iti-

420 2630 585 2680 nere
636 2604 967 2679 hactenus
1020 2604 1239 2678 accid‘
1304 2630 1343 2677 e
1391 2605 1591 2679 nobis
1626 2607 2024 2677 nunciatum
2053 2603 2326 2701 fuerit)
2377 2606 2815 2682 arbitramur.
2867 2620 2872 2627 “

422 2704 699 2778 Interea
750 2705 915 2775 dum
974 2700 1516 2774 Commendator
1546 2702 1956 2797 Antverpiae
1990 2720 2341 2791 moratur,
2390 2699 2815 2777 miserandus

422 2796 579 2874 sane
616 2822 699 2871 ac
746 2798 1203 2871 lamentabilis
1246 2797 1452 2877 cafus‘
1478 2799 1682 2873 tertio
1728 2798 1932 2892 hujus
1963 2794 2208 2871 mensis
2249 2799 2362 2871 die
2391 2797 2644 2871 Illustri
2675 2798 2815 2872 Ca-

418 2899 701 2993 pitaneo
729 2894 978 2985 Joanni
1025 2894 1063 2966 ὲ
1102 2894 1470 2969 Mendoffa
1512 2894 1549 2991 (
1592 2914 1737 2989 quo
1774 2917 1916 2967 non
1952 2896 2182 2967 minus
2211 2895 2284 2967 in
2321 2892 2635 2967 confilio
2655 2890 2815 2967 Sta·

421 3013 530 3065 tus
565 3045 586 3077 ‚
656 3014 863 3087 quam
916 2987 1297 3069 ditefflone
1349 3015 1386 3063 e
1438 2992 1659 3063 uirum
1697 3039 1722 3072 ,
1787 2991 2222 3083 militumque
2267 3041 2290 3076 ,
2355 2986 2813 3063 Gubernator

344 3160 364 3173 ,
419 3086 801 3177 utebatur)
838 3088 951 3160 -ibi
1004 3087 1274 3160 accidit.
1378 3016 1533 3174 &ui
1574 3088 1649 3165 in
1705 3086 1936 3177 platea
1982 3084 2267 3179 publica
2317 3104 2477 3154 cum
2513 3080 2814 3178 quadam

416 3180 713 3277 persona
758 3180 1140 3255 sermonem
1174 3179 1297 3252 sub
1328 3178 1605 3255 noetem
1652 3180 1952 3267 habens,
1999 3180 2039 3249 a
2069 3180 2374 3271 quodam
2425 3176 2516 3249 D.
2549 3174 2811 3251 Cham-

411 3281 681 3376 paigny
746 3273 1007 3349 famulo
1032 3326 1055 3357 ‚
1108 3298 1249 3349 non
1292 3273 1453 3346 satis
1510 3276 1613 3346 uti
1654 3273 1922 3363 fertur,
1971 3274 2247 3369 agnitus
2292 3298 2380 3347 ex
2416 3274 2558 3348 levi
2602 3296 2810 3349 occa-

414 3372 613 3448 ·fione
646 3394 861 3468 grave
904 3372 1459 3465 vulnus-accepit
1485 3420 1508 3455 ‚
1558 3370 1978 3464 maxillaque
2000 3372 2068 3441 ei
2097 3369 2606 3467 propemodum
2629 3389 2812 3465 prae·

308 3486 321 3493 ’
418 3469 556 3545 cisa
608 3464 781 3554 fuit,
831 3471 1017 3541 unde
1074 3469 1256 3539 inter
1310 3466 1632 3539 octavum
1680 3464 1866 3543 diem
1908 3466 2104 3537 obiit.
2205 3466 2430 3565 Cujus
2466 3488 2803 3553 mortem,

418 3569 513 3648 ob
560 3569 834 3661 elegans
860 3560 1079 3659 'ipfius
1110 3563 1474 3659 'ingenium
1496 3558 1991 3661 praeclarasque
2035 3561 2277 3655 dotes,
2327 3564 2804 3659 plurimi,qui

419 3688 571 3739 eum
624 3683 1065 3757 cognovere,
1112 3662 1421 3753 graviter
1472 3658 1754 3741 dolent,
1804 3678 2046 3731 autore
2079 3662 2290 3736 caedis
2325 3680 2636 3733 extremo
2669 3680 2802 3751 pu·

418 3754 566 3835 nito
624 3756 998 3855 supplicio.
1094 3754 1331 3883 Nobis
1380 3754 1501 3829 sub
1542 3754 1745 3849 hujus
1815 3758 1978 3829 anni
2025 3754 2304 3833 initium
2338 3751 2530 3848 (3·8)
2570 3754 2806 3927 ἓξὲξ

418 4054 432 4061 ·
500 4041 669 4129 (38)
718 4042 1269 4111 Trium-Abbatum
1284 4041 1522 4127 obitus]
1566 4038 1955 4116 Nizelleni,
1997 4038 2136 4106 srve
2151 4036 2594 4124 Nizellenfis;
2635 4041 2792 4110 vul-

416 4127 512 4215 go
541 4126 825 4205 Nizelle,
868 4130 1053 4210 quod
1083 4128 1178 4194 est
1210 4128 1421 4213 sesqui
1452 4125 1730 4193 milliari
1766 4125 1849 4191 ab
1887 4123 2172 4221 Oppido
2203 4122 2483 4192 Nivella
2510 4126 2580 4191 in
2605 4124 2800 4192 Han-

416 4212 627 4278 nonia
655 4206 852 4277 litum
890 4212 1369 4277 monasterium
1420 4208 1704 4278 Ordinis
1734 4208 2198 4277 CIstercienfis
2230 4207 2350 4275 sub
2383 4209 2632 4277 diocefi
2657 4210 2798 4275 Na·

412 4294 773 4364 murcenfi.
858 4292 1077 4377 Cujus
1102 4293 1217 4360 hic
1252 4294 1479 4363 obitus
1479 4308 1831 4445 imtetur,
1877 4310 2021 4365 non
2060 4294 2316 4383 liquet,
2355 4290 2519 4365 etun
2539 4294 2614 4361 in
2635 4290 2797 4445 (3ch-

1552 4394 1649 4447 zz
1690 4394 1731 4447 z
1772 4394 1813 4457 2
2737 4391 2804 4442 m
