3700 4884
1456 0 1485 54 ις

504 352 1163 456 .EPISTOLAE
1214 351 1393 446 AD
1448 267 1887 466 JOA'CH.
1946 327 2664 454 HOPPERUM.
2692 365 2860 482 365

425 555 505 628 in
542 550 831 628 modum
899 550 1096 626 cives
1161 551 1582 623 exultarunt.
1681 547 1946 622 Ven‘un
1995 550 2324 647 Principe
2373 551 2711 650 Orangiae
2760 557 2850 630 eo

424 648 633 724 miss'o
668 649 791 722 ille
814 645 989 722 urbe
1028 645 1339 728 exceffit,
1393 643 1471 720 δι
1508 648 1597 720 ad
1639 645 2092 720 Conventum
2123 647 2632 724 Guefianornm
2663 651 2856 746 apud

429 745 506 820 S.
560 744 976 820 Trudonem
1063 739 1371 822 rofestus
1420 743 1563 833 est,
1612 745 1733 836 qui
1778 763 1923 815 non
1969 745 2186 817 modo
2221 743 2638 832 Celfitudini
2675 747 2850 839 suae,

433 840 559 917 fed
589 845 723 917 toti
751 863 931 938 pene
975 875 977 880 ·
1044 843 1215 914 uriae
1232 825 1508 926 anetum
1554 839 1827 935 injecit:
1881 839 2276 934 praesertim
2342 839 2498 916 cuim
2547 845 2856 940 populus

494 962 569 1012 er
612 937 930 1014 seRatios
966 939 1291 1033 incitatus
1325 935 1446 1008 sub
1481 958 1723 1010 eorum
1753 933 2084 1032 praefidio
2137 938 2454 1034 quotidie
2506 939 2626 1014 fiat
2673 940 2852 1014 inso-

460 1039 713 1110 entior.
813 1033 973 1130 Ego
993 1033 1165 1108 forti
1200 1033 1429 1106 animo
1471 1031 1809 1107 sustinebo
1909 1033 2054 1106 uod
2080 1031 2262 1108 Fors
2281 1031 2600 1110 Fortuna
2628 1032 2848 1121 feret,

440 1133 669 1208 donec
698 1153 810 1204 me
848 1128 1005 1204 Rex
1048 1131 1137 1203 ab
1174 1129 1304 1202 isto
1352 1152 1648 1204 munere
1708 1125 1839 1202 abs
1904 1130 2102 1204 verit.
2205 1125 2308 1206 Et
2333 1127 2406 1218 *fi
2452 1131 2701 1210 videro
2743 1157 2854 1207 me

434 1227 826 1310 ludificari,
876 1229 1141 1299 nodum
1176 1239 1381 1322 quem
1412 1249 1685 1322 nequeo
1708 1218 2088 1299 dissolvere
2113 1279 2136 1318 ,
2188 1225 2604 1326 abmmp‘ere
2639 1251 2854 1324 oona·

420 1323 595 1399 bor.
698 1323 1142 1418 Quamquam
1196 1321 1463 1418 sperem
1481 1373 1507 1407 ‚
1570 1341 1679 1407 te,
1728 1319 2012 1417 aliisque
2069 1324 2312 1399 amicis
2360 1323 2792 1492 aeputonib'us
2827 1375 2852 1413 ‚

438 1421 639 1506 fore,
690 1438 769 1492 ut
810 1442 967 1492 cum
1019 1416 1261 1515 Regiae
1320 1417 1693 1515 Majestatis
1751 1419 1939 1491 bona
1994 1421 2256 1512 gratia,
2305 1417 2382 1492 &
2451 1443 2564 1495 me
2615 1423 2856 1517 aliquo

437 1519 588 1592 mei
616 1517 904 1590 honoris
945 1514 1307 1611 dispendio
1340 1513 1415 1588 id
1446 1513 1592 1588 fiat.
1695 1513 2038 1588 Cohelius
2088 1513 2290 1611 (32)
2339 1515 2572 1592 noster
2611 1519 2738 1597 ubi
2767 1541 2857 1592 ex

444 1611 827 1688 Germania
852 1612 1167 1686 reversus
1196 1609 1333 1701 est,
1382 1609 1473 1684 ad
1500 1611 1821 1706 Religions
1832 1609 1986 1705 frid
2003 1609 2520 1688 Germanorum
2536 1665 2558 1700 ,
2585 1613 2854 1690 nostros

442 1708 767 1789 sollieinat
790 1760 812 1795 ,
865 1706 939 1780 &
974 1731 1393 1805 quamquam
1434 1727 1563 1802 per
1630 1729 1783 1782 eam
1831 1731 1978 1779 non
2039 1705 2437 1804 astringitur
2487 1713 2854 1806 quisquam

441 1810 777 1905 princeps
832 1805 1247 1880 Catholicus
1288 1803 1661 1898 admittere
1712 1799 2028 1894 sefihrios
2061 1857 2086 1894 ,
2150 1828 2400 1896 vereor
2467 1827 2704 1883 tamen
2764 1831 2852 1883 ne

444 1904 659 1979 nostri
686 1903 765 1976 id
821 1923 963 1974 non
1015 1903 1171 1976 satis
1229 1900 1641 1996 intelligant.
1744 1899 2308 1997 Arembergenfis
2381 1905 2455 1978 in
2519 1897 2854 1998 Frifiam,

444 1997 851 2094 Meghanus
888 1999 965 2072 in
1000 1996 1367 2074 Geldriam
1396 1995 1717 2074 conceffit
1736 2047 1759 2084 ‚
1808 2020 2108 2092 quorum
2139 2019 2437 2094 uterque
2469 1999 2660 2096 apud
2679 1999 2858 2072 Ant-2

444 2091 2859 2286 {3232333235s0211‘135ffis2‘233ffl“ffsiffimffiffliffifiz

447 2283 610 2362 sunt
633 2336 656 2371 ,
707 2289 873 2360 dum
903 2283 1070 2359 falso
1101 2310 1223 2360 eos
1242 2337 1265 2372 ,
1311 2282 1492 2378 juffu
1526 2281 1763 2358 Curiae
1804 2284 2094 2358 militem
2136 2285 2566 2365 conscribere
2601 2289 2672 2361 in
2702 2289 2857 2362 vul-

553 2409 585 2458 s
616 2377 1019 2478 sparserunt.
1117 2382 1584 2468 Motiumius
1624 2378 1717 2476 (·3
1728 2379 1821 2476 3)
1869 2382 2038 2455 hinc
2069 2383 2283 2474 abiit,
2319 2404 2615 2481 propter
2659 2385 2858 2482 cujus

476 2478 985 2554 amiliaritatem
1019 2502 1057 2552 e
1109 2501 1155 2551 ο
1193 2501 1447 2574 magno
1490 2471 1689 2552 odio,
1728 2479 1997 2562 laboro,
2054 2561 2065 2573 ‚
2097 2477 2240 2553 Sed
2279 2503 2426 2556 non
2529 2479 2684 2555 otui
2707 2537 2712 2542 -
2734 2504 2860 2556 πη

445 2599 671 2653 terem
710 2575 1003 2650 amicum
1082 2598 1195 2650 me
1266 2571 1467 2650 causa
1519 2569 1856 2668 desetere.
1957 2573 2154 2652 Bene
2210 2579 2368 2654 vale
2510 2599 2853 2656 ofer-az

450 2671 604 2750 CL.
678 2669 1028 2747 Bruxellae
1078 2690 1342 2748 xv111.
1391 2669 1567 2764 Julii
1611 2691 1725 2744 cm
1776 2691 1853 2744 10
1901 2689 2098 2748 vax.

536 2947 709 3034 (32)
755 2945 1063 3032 Cohelius]
1105 2945 1545 3018 StradaDeC.
1590 2943 1787 3014 1.lib.
1826 2961 1891 3029 7.
1931 2945 2236 3031 loquitur
2252 2945 2626 3028 cebanum,
2664 2949 2852 3014 Mar-

445 3048 671 3120 garetae
708 3025 1078 3098 Parmenfis
1104 3033 1580 3099 consiliarium.
1644 3029 1738 3118 ‘In
1772 3027 2018 3096 codice
2054 3029 2352 3115 Collegii
2382 3031 2681 3116 Vigliani
2709 3027 2853 3098 Lo-

446 3116 633 3182 vanii
654 3129 895 3180 notato
926 3133 992 3182 n.
1030 3135 1146 3184 v1.
1171 3135 1239 3201 p.
1286 3135 1428 3185 111.
1470 3111 1668 3182 versa
1707 3112 1923 3182 e'xstat
1984 3109 2175 3198 Viglii
2217 3113 2500 3198 epistola
2519 3114 2847 3199 inscripta

452 3200 545 3266 D.
585 3198 1143 3289 phenippo-Coma
1176 3199 1444 3283 afflffori
1479 3197 1693 3280 judicii
1740 3215 1890 3262 cam.
1937 3213 2221 3279 nempe,
2265 3215 2559 3266 camerae
2621 3199 2850 3284 Impe-

452 3282 637 3348 rialis
660 3280 1023 3364 Spirensis,
1110 3282 1365 3366 Vtgtius·
1378 3281 1555 3350 infra
1574 3280 1914 3358 affirmat,
1956 3296 2117 3346 eum
2148 3283 2222 3350 in
2251 3283 2606 3367 perpetuis
2627 3283 2848 3369 Lega-

448 3365 749 3432 tionibus
805 3361 999 3432 fuiss'e
1042 3368 1414 3434 versatum.
1454 3367 1543 3432 V.
1585 3363 1794 3448 Epist.
1833 3382 1955 3430 xX.

521 3449 565 3534 ,(
584 3467 617 3528 3
628 3447 707 3530 3)
750 3447 1169 3536 Morillorpius]
1216 3449 1721 3518 Maximilianu's
1746 3495 1767 3526 ‚
1822 3446 1978 3532 post
2036 3447 2396 3536 episcopus
2443 3451 2850 3526 Tornacen-

443 3532 551 3683 fig.
594 3532 683 3600 V.
732 3547 892 3697 εξῦω
946 3533 1387 3620 praepofitum
1430 3529 1510 3604 B.
1557 3531 1658 3603 M.
1705 3529 2066 3617 Ultrajeffl
2119 3533 2190 3602 in
2245 3531 2560 3620 catalogo
2611 3531 2848 3605 nostro

436 3635 485 3684 .a
576 3627 681 3683 an.
728 3632 757 3679 1
857 3631 913 3681 1.

1618 4295 1825 4412 'Aaa
1861 4269 1928 4322 ⁶
2620 4273 2847 4428 EPI-
