3700 4884
852 342 859 347 ’
941 330 1829 463 740V1GL11AB
1885 326 2404 433 AYTTA
2475 322 3228 427 ZUICHEMI

948 540 1345 619 rumoribus
1372 538 1762 635 agitemur,
1805 531 1937 609 vix
1961 556 2044 609 ut
2077 528 2453 610 successum
2483 530 2694 609 claffis
2727 528 2982 606 nostrae
3001 584 3048 629 ,ο
3071 552 3234 629 quae
3263 554 3356 607 ex

950 638 1345 733 Antverpia
1384 655 1568 708 xvu.
1616 632 1884 729 Aprilis
1928 629 2136 705 solvit
2161 684 2191 725 ,
2255 651 2336 705 ut
2381 626 2804 703 Walachriae
2841 680 2864 712 ,
2913 626 3362 703 Middelbur·

957 754 1191 831 goque
1236 730 1664 815 succurreret
1700 778 1721 813 ,
1788 728 2126 803 haelenus
2165 725 2400 803 adhuc
2447 723 2606 797 satis
2653 726 3043 817 intelligere
3097 748 3354 821 potue·

958 833 1171 904 rimus
1206 882 1228 915 ,
1276 824 1808 919 sollicitudoque
1867 846 1997 897 nos
2051 824 2286 897 adhuc
2331 844 2600 909 teneat,
2651 844 2740 893 ne
2795 844 2937 892 non
2981 824 3225 896 omnia·
3275 842 3363 897 ex

960 945 1144 1001 voto
1188 920 1425 995 nostro
1460 922 1737 1017 peracta
1792 917 1946 991 sint.
3370 995 3382 1003 ,

1060 1019 1181 1093 De
1219 1016 1563 1091 Harlemo
1658 1037 1890 1111 uoque
1941 1014 2016 1086 in
2055 1014 2344 1109 longum
2401 1004 2556 1107 spes
2611 1008 2842 1085 nostra
2891 1012 3368 1107 protrahitur,

966 1138 1052 1191 ac
1092 1114 1355 1191 interea
1392 1114 1607 1187 adver
1682 1113 1765 1185 rii
1802 1111 1985 1184 vires
2017 1108 2166 1183 suas
2207 1106 2626 1193 instaurant,
2677 1131 3198 1203 occurruntque
3229 1108 3370 1179 illis

968 1208 1428 1305 undequaque
1460 1208 1752 1291 milita,
1802 1205 1926 1301 qui
1961 1207 2150 1277 circa
2203 1204 2720 1298 Noviomagum
2773 1206 3042 1297 aliaque
3075 1208 3372 1299 propin·

1000 1304 1111 1379 ‘ua
1140 1308 1299 1379 loca
1348 1308 1577 1377 omnia
1622 1301 1862 1375 infesta
1919 1324 2202 1387 tenent,
2253 1323 2330 1371 ut
2379 1319 2692 1373 metuant
2721 1301 3072 1393 plerique,
3123 1322 3216 1373 ne
3263 1322 3376 1372 ea·

1024 1426 1131 1475 em
1170 1402 1478 1497 pericula
1539 1402 1976 1493 experiamur
2027 1396 2165 1469 hoc
2219 1420 2440 1481 anne,
2495 1397 2748 1491 quibus
2787 1397 3159 1490 proximo,
3209 1419 3376 1489 pro-

966 1496 1151 1599 pitio
1212 1494 1416 1569 Deo
1452 1545 1477 1580 ,
1540 1494 1763 1591 erepti
1808 1492 2060 1565 sumus,
2181 1490 2710 1566 calamitatibus
2771 1513 3001 1564 autem
3067 1494 3376 1589 publicis

974 1590 1317 1667 accedunt
1354 1594 1626 1685 privata
1672 1590 1890 1673 mala,
1935 1610 2098 1697 quae
2133 1582 2304 1661 mihi
2337 1610 2621 1683 quoque
2659 1608 2802 1656 non
2909 1610 3371 1681 epercerunt‚

977 1687 1105 1785 qui
1148 1684 1432 1759 fratrem
1479 1687 1757 1757 unicum
1807 1687 2254 1758 chanffimum
2312 1706 2535 1779 nuper
2583 1682 2654 1753 in
2707 1674 2832 1753 Fri
2859 1706 2926 1754 la
2973 1686 3226 1756 eodem
3265 1685 3382 1757 die

981 1806 1128 1880 quo
1166 1782 1286 1855 hic
1320 1778 1683 1853 Praefidem
1720 1778 2238 1874 Tysenachium
2275 1777 2481 1851 amisi.
2517 1776 2860 1875 *Filiolam
2888 1796 3082 1873 tuum
3119 1802 3382 1853 meum-

1036 1901 1123 1953 ue
1169 1874 1259 1951 C.
1316 1876 1699 1959 Antonium
1748 1898 1912 1950 cum
1962 1870 2376 1949 consobrina
2434 1872 2786 1969 Tignagel
2819 1873 2905 1944 ab
2953 1896 3218 1969 genero
3257 1897 3380 1947 tuo

1058 1972 1385 2046 ovanium
1421 1970 1763 2045 remissum
1795 1966 1927 2043 ess'e
1963 1968 2300 2065 intelligo.
2400 1970 2826 2064 Gregorium
2909 1994 3145 2065 noque
3179 1994 3400 2047 tuum¹

980 2060 1251 2147 salvum
1284 2064 1603 2161 Duacum
1627 2064 1888 2141 veniffe
1919 2066 2070 2139 aliis
2099 2064 2316 2139 literis
2340 2069 2506 2139 meis
2533 2068 2626 2139 ad
2651 2087 2717 2137 te
2748 1994 3154 2161 peffcripfi,
3187 2068 3380 2163 (46)

982 2162 1649 2261 Venduilliumque,
1694 2160 1893 2259 cujus
1930 2162 2164 2237 tutelae
2201 2185 2356 2234 eum
2403 2163 2895 2259 commendasti
2921 2216 2942 2248 ‚
2995 2162 3384 2252 admonui,

985 2282 1069 2339 ut
1106 2283 1175 2335 te
1217 2260 1305 2333 de
1364 2262 1509 2357 ejus
1562 2261 1768 2335 rebus
1798 2257 2168 2341 certiorem
2205 2252 2456 2343 faciat,
2497 2281 2582 2330 ac
2613 2260 2781 2329 mibi
2819 2281 3104 2355 quoque
3137 2256 3390 2355 fignifi-

988 2378 1149 2440 cet,
1198 2352 1247 2427 fi
1284 2380 1423 2451 qua
1458 2358 1529 2427 in
1564 2378 1637 2429 re
1686 2354 1879 2429 illum
1917 2352 1958 2425 a
1987 2376 2096 2425 me
2141 2352 2452 2449 adjuvari
2481 2350 2672 2449 poss‘e
2711 2354 2969 2451 videat.

1082 2451 1557 2525 Illustrissimus
1590 2448 1759 2522 Dux
1790 2448 2024 2524 noster
2063 2449 2250 2521 nulla
2282 2472 2438 2523 mea
2470 2446 2906 2524 excusatione
2951 2450 3040 2523 de
3091 2454 3408 2543 teatio--

916 2562 925 2569 '
984 2569 1167 2623 neve
1203 2544 1481 2619 admiss‘a
1514 2548 1891 2641 praecepit,
1939 2544 2018 2617 ut
2054 2542 2361 2620 defunsti
2400 2542 2498 2615 D.
2552 2542 2982 2640 Tysenachii
3065 2552 3253 2643 :gilla
3312 2551 3389 2621 in

985 2664 1209 2717 meam
1248 2638 1627 2718 custodiam
1656 2641 1886 2715 denuo
1939 2642 2361 2736 reciperem,
2410 2640 2606 2737 cujus
2667 2640 3174 2738 implacabilem
3213 2646 3391 2718 indi-

988 2738 1385 2907 {nationem
1416 2738 1683 2811 veritus
1731 2734 2058 2831 refragari
2093 2759 2236 2808 non
2282 2735 2426 2809 sum
2463 2738 2700 2823 ausus,
2749 2740 3113 2835 pollicitus
3157 2760 3392 2814 tamen

1026 2856 1063 2906 e
1116 2854 1399 2928 operam
1446 2835 1765 2907 daturum
1805 2884 1827 2917 ,
1888 2852 1968 2904 ut
2025 2855 2233 2927 quam
2297 2832 2600 2906 citissime
2651 2855 2736 2906 eo
2797 2832 2986 2907 'fasce
3026 2859 3410 2910 exoneret:

991 2924 1243 3029 Itaque
1276 2928 1367 2999 de
1416 2951 1608 3003 novo
1644 2924 1940 3001 Praestde
1967 2924 2368 3003 sufficiendo
2401 2950 2608 3043 quam
2643 2932 2941 3024 primum
2990 2928 3058 3006 se
3115 2935 3204 3004 ad
3251 2930 3394 3006 Re-

992 3026 1181 3193 {iam
1222 3025 1645 3191 Magestatem
1688 3024 2100 3119 scripturum
2149 3025 2372 3108 dixit.
2421 3028 2496 3097 id
2547 3027 2738 3121 quod
2777 3050 2932 3101 eum
2971 3024 3200 3101 feciss'e
3243 3031 3390 3105 exi·

1050 3122 1215 3201 imo,
1374 3120 1639 3216 letique
1676 3140 1908 3194 autem
1946 3116 2041 3191 D.
2075 3116 2166 3191 T.
2209 3116 2650 3196 successorem
2691 3144 3064 3217 exoptant,
3111 3122 3222 3197 sed
3255 3128 3398 3201 hoc

992 3216 1408 3313 potiffimum
1438 3239 1755 3313 tempore
1788 3220 1994 3309 longe
2024 3214 2196 3287 mihi
2224 3213 2522 3297 securius
2553 3218 2833 3309 videtur
2854 3268 2880 3307 ,
2923 3236 3009 3291 ut
3043 3221 3231 3315 apud
3267 3218 3404 3294 Re-

1006 3313 1193 3407 giam
1242 3310 1665 3404 Majestatem
1708 3314 1777 3383 in
1828 3308 2161 3404 Hispania
2198 3332 2504 3401 maneat,
2553 3310 2712 3387 esim
2754 3312 2873 3387 h'ic
2921 3309 3118 3389 'certe
3165 3314 3240 3387 δι
3299 3343 3402 3391 re-

998 3408 1491 3481 munerationis
1544 3401 1977 3481 fer-vitiorum
2049 3426 2264 3503 parva
2304 3404 2461 3503 spes
2513 3410 2754 3482 nostris
2805 3410 3204 3485 hominibus
3255 3416 3402 3487 exi·

997 3504 1171 3588 stat,
1223 3504 1407 3577 acin
1450 3503 1855 3597 quotidiano
1889 3500 2229 3575 versemur
2265 3522 2470 3576 metu.
2578 3504 2762 3578 Cum
2791 3527 3016 3579 autem
3073 3532 3401 3582 numerus

1002 3597 1577 3675 Confiliariorum
1622 3592 1893 3671 Secreti
1935 3596 2224 3670 Confilii
2265 3618 2641 3697 tantopere
2693 3600 2882 3698 apud
2937 3626 3062 3674 nos
3099 3605 3399 3677 diminu-

1000 3716 1111 3771 tus
1162 3694 1287 3783 fit,
1337 3696 1409 3771 &
1436 3696 1639 3792 juxta
1690 3692 1915 3773 Ducis
1960 3691 2366 3771 sententiam
2431 3695 2762 3772 nostrates
2815 3698 3122 3771 homines
3157 3702 3244 3772 ad
3283 3725 3400 3773 res

1000 3797 1335 3887 gerendas
1365 3815 1612 3889 parum
1652 3788 1894 3865 idonei
1945 3788 2329 3865 habeantur
2355 3842 2381 3879 ‚
2429 3792 2810 3891 nostrisque
2855 3794 3137 3869 viciffim
3179 3798 3408 3869 exteri

2307 3968 2316 3981 .
2625 3972 2632 3979 .
3153 3914 3408 3988 parum,

1028 4060 1037 4067 ·
1087 4042 1258 4128 (46)
1308 4042 1725 4139 deuittius]
1770 4045 1862 4115 de
1911 4066 2049 4133 quo
2079 4046 2227 4134 sup.
2272 4002 2613 4147 ati-Epist.
2653 4046 2820 4116 cxc'.
2861 4048 2986 4131 qui
3031 4048 3192 4114 hoc.
3219 4062 3416 4115 tem-⁶

1052 4129 1607 4281 gzeaffirggassagriam
1628 4134 1797 4217 juris
1834 4132 2238 4203 cathedram
2273 4132 2496 4203 Duaci
2527 4124 2920 4210 obtinebat,
2962 4130 3109 4220 ipse
3135 4130 3399 4199 D‘oclor-
