3700 4884
368 353 1014 523 merom:
1067 423 1243 518 AD
1299 365 1727 537 JOACH.
1785 349 2507 540 HOPPERUM
2552 371 2715 551 51'5

283 619 533 698 meniis
565 621 1009 718 accepimus:
1069 625 1236 718 q'uae
1287 625 1418 696 nos
1476 643 1732 716 magna
1775 640 1967 696 certe
2012 622 2376 718 voluptate
2428 627 2705 702 adfece-

285 740 488 794 runt:
541 720 739 812 quod
786 719 1062 816 Regem
1099 772 1120 807 ,
1171 720 1863 812 dominationemque
1928 716 2227 792 vestram
2263 770 2285 804 ,
2332 722 2705 820 omnesque

281 813 560 890 nostros
605 812 792 887 recle
839 817 1070 891 valere
1126 815 1289 888 inde
1337 817 1824 902 intelleximus,
1892 813 2085 886 Lum
2116 837 2347 890 autem
2382 822 2517 908 jam
2552 826 2728 893 cur·'

277 909 505 984 sorem
545 931 1006 986 mercatorum
1043 913 1178 985 hac
1214 909 1496 984 transire
1534 911 1607 984 in
1637 907 2063 1006 Hispaniam.
2097 911 2507 985 rescivissem
2528 963 2551 1000 ,
2600 918 2709 992 vi·

278 1006 432 1081 sum
467 1011 650 1082 mihi.
675 1007 852 1096 fuit,
904 1011 996 1084 ad
1035 1010 1358 1105 quaedam
1405 1010 1764 1080 literarum
1815 1029 2091 1094 tuarum
2159 1011 2393 1104 capita
2460 1014 2705 1108 paucis

283 1104 683 1180 rescribere.-
1611 1134 1627 1144 ’
2347 1117 2370 1126 ”’

325 1242 342 1254 ·
381 1203 454 1274 A
493 1201 794 1288 Bravi03
847 1198 1086 1294 quaeso
1136 1220 1208 1273 te
1231 1251 1256 1286 ,
1304 1217 1384 1273 ut
1425 1201 1612 1274 mille
1645 1201 1982 1274 ducentos
2030 1195 2337 1274 florenos
2363 1205 2707 1297 accipias,

283 1320 518 1394 neque
559 1296 820 1369 cambii
857 1297 1090 1370 literas
1133 1297 1438 1372 remittas
1465 1349 1485 1384 ,
1535 1297 1692 1371 cum
1743 1297 1863 1370 hic
1911 1296 2189 1396 fortaise
2218 1297 2595 1378 Schetzius
2626 1303 2705 1374 in

282 1393 800 1467 renumerando
849 1415 1114 1470 moram
1160 1415 1465 1466 nexurus
1525 1391 1645 1479 fit,
1699 1411 1776 1466 ut
1827 1390 1955 1466 scis
2002 1395 2287 1466 istorum
2343 1395 2704 1469 hominum

279 1512 560 1564 morem
596 1483 766 1573 effe,
813 1489 978 1561 licet
1010 1489 1154 1584 jam
1195 1491 1498 1586 pecunia
1539 1514 1696 1564 mea
1727 1512 1985 1564 annum
2018 1487 2161 1562 fere
2191 1508 2413 1564 totum
2448 1491 2703 1568 fruitus

279 1584 396 1658 fit.
493 1585 564 1657 ls
604 1606 820 1668 vem,
871 1609 1080 1681 quern
1122 1581 1396 1680 scripfi,
1449 1587 1538 1658 de
1579 1583 1776 1662 fimili
1823 1583 2086 1659 summa
2132 1587 2303 1660 mihi
2350 1585 2725 1669 ostendiffe·

276 1680 616 1759 secundas
659 1681 914 1754 cambii
965 1684 1204 1756 literas
1231 1732 1252 1768 ,
1321 1704 1465 1756 non
1512 1685 1600 1756 ad
1663 1707 1774 1756 me
1823 1683 2033 1758 rediit
2060 1737 2079 1770 ,
2131 1683 2231 1769 ,δε
2285 1683 2703 1760 crediderim

281 1801 446 1857 cum
499 1779 741 1871 primis
794 1777 886 1850 D.
949 1777 1040 1850 T.
1093 1777 1187 1852 ad
1227 1801 1338 1852 mc
1374 1780 1640 1872 aliquid
1682 1773 2013 1872 scripfiffe
2040 1815 2075 1862 ,κ
2110 1780 2302 1873 quod
2342 1783 2699 1854 ‘redditum
2760 1821 2771 1832 =

281 1875 460 1947 mihi
504 1897 647 1950 non
684 1871 864 1947 fuit:
917 1875 992 1949 &
1027 1894 1190 1948 curn
1239 1876 1364 1947 ille
1413 1875 1821 1948 dilationem
1858 1898 2003 1948 non
2038 1893 2327 1968 gravate
2380 1877 2705 1969 praebuee·

280 1973 658 2053 rit‚·tuam
701 1969 1058 2064 juffion'em
1109 1969 1446 2045 hactenus
1481 1973 1885 2065 expectavi,
1938 1971 2015 2044 &
2068 1967 2117 2040 fi
2160 1995 2311 2042 eam
2370 1971 2704 2047 summam

277 2066 405 2140 mc
443 2088 552 2142 me
591 2065 990 2161 persolvere
1027 2068 1378 2148 volueris,
1417 2064 1649 2139 Bravii
1671 2067 2041 2162 pecuniam
2076 2066 2149 2138 in
2173 2063 2519 2162 sequentis
2544 2071 2719 2142 anni
2760 2119 2773 2138 .

283 2161 748 2236 necessitatem
795 2163 1048 2239 cedere
1081 2165 1318 2238 velim.
2094 2215 2097 2223 ·

313 2335 346 2342 ,
381 2259 786 2332 Contentus
845 2276 1077 2332 autem
1141 2257 1292 2332 sum
1355 2256 1654 2333 Hectori
1702 2281 1787 2332 ae
1831 2257 2188 2335 Folcardo
2256 2256 2655 2336 Gerbrandi
2680 2312 2723 2346 ,.

275 2351 852 2449 Dekemanisque
909 2374 1202 2428 centum.
1239 2357 1538 2430 ducatos
1593 2357 1670 2428 in
1723 2353 2149 2448 fingulorum
2204 2377 2547 2433 annorum
2602 2357 2707 2430 di-

279 2447 596 2525 mensum
630 2447 960 2545 praestari.
1059 2449 1404 2545 Magistro
1431 2473 1659 2526 autem
1693 2450 2069 2526 Bucchoni
2096 2450 2171 2522 &
2210 2453 2726 2532 Montzimano-

280 2544 573 2640 fingulis
615 2543 830 2641 usque
859 2545 950 2620 ad
987 2547 1326 2620 ducentos
1381 2547 1705 2633 ducatos,
1758 2545 1808 2620 fi
1858 2550 1965 2620 his
2013 2551 2299 2624 omnino
2342 2571 2521 2643 opus
2583 2552 2699 2624 ha-

279 2643 538 2716 beant:
591 2640 754 2714 eum
789 2645 972 2716 enim
1007 2641 1412 2716 tantundem
1451 2642 1656 2720 facile
1693 2667 1784 2718 ex
1823 2641 2321 2718 beneficiorum
2358 2644 2661 2720 fruetibu

284 2739 768 2834 percipiatur,
818 2739 1079 2834 largius
1122 2743 1459 2820 cumillis
1508 2741 1853 2836 agendum
1889 2737 2097 2836 puto.
2634 2769 2641 2774 ·
2702 2755 2709 2762 ·

385 2831 791 2910 Gerbrandi
840 2835 1237 2911 filio-valde
1283 2834 1616 2933 optass'em
1668 2839 1855 2931 apud
1904 2837 2261 2932 Principes
2302 2835 2704 2922 Bohemiae·,

283 2950 412 3006 aut
447 2927 542 3028 D.
581 2931 916 3026 joannem
957 2933 1043 3005 ab
1075 2933 1352 3008 Austria
1391 2937 1626 3007 locum
1667 2935 2069 3028 obtingere:
2120 2935 2211 3004 ad
2265 2937 2457 3026 quod
2502 2933 2699 3006 forfi-

286 3047 406 3101 tan
445 3029 958 3124 impetrandum
1003 3029 1426 3104 secretarius
1473 3029 1823 3102 Pfinsnick
1869 3030 2145 3120 adjutor
2192 3027 2330 3101 ess'e⁴
2384 3049 2700 3121 poterat,

283 3143 365 3196 ut
403 3145 634 3198 autern
687 3127 762 3197 in
799 3123 1012 3220 Regis
1062 3129 1293 3200 aulam
1338 3128 1766 3220 recipiatur,
1812 3126 2003 3208 mihi,
2039 3123 2233 3198 nuno
2284 3125 2495 3202 modo
2546 3125 2697 3220 pla·

281 3239 428 3294 cet.
527 3217 787 3315 Neque
825 3224 1006 3294 enim
1045 3222 1193 3316 ejus
1220 3221 1382 3294 sunt
1418 3221 1820 3304 facultates,
1862 3240 1939 3292 ut
1976 3217 2272 3292 otiosum
2304 3221 2451 3296 illic
2480 3221 2701 3294 domi-

279 3315 539 3390 cellum
576 3335 770 3408 agat,
824 3313 898 3387 ἃ
941 3337 1090 3403 me,
1139 3335 1640 3412 parentemque
1686 3309 2049 3412 superfluis
2102 3312 2481 3410 sumptibus
2530 3317 2707 3390 adfi-

277 3413 446 3486 ciat.
552 3409 772 3506 Quod
824 3433 1051 3484 autem
1099 3416 1308 3483 etiarn
1360 3409 1694 3486 famulum
1731 3413 1795 3484 ei
1841 3412 2001 3484 dare
2040 3407 2309 3496 offers;
2361 3415 2483 3510 qui
2538 3438 2705 3489 eum

219 3551 230 3554 -
279 3507 701 3592 comitetur,
723 3507 798 3583 &
821 3531 1079 3602 equum
1101 3509 1292 3581 illurn
1324 3507 1786 3583 conscendere
1825 3508 2061 3580 suades
2082 3507 2529 3604 (quanquam
2550 3535 2697 3583 non
2746 3595 2763 3607 ,
2801 3535 2826 3544 -

283 3603 556 3701 poss'um
597 3627 736 3677 non
775 3606 1038 3700 gratias
1095 3627 1300 3700 agere
1351 3605 1439 3678 de
1467 3605 1770 3700 benigna
1819 3608 2189 3678 voluntate
2235 3611 2409 3700 tua)
2460 3624 2693 3676 tamen

289 3719 354 3774 te
387 3703 864 3797 maximopere
893 3724 1112 3796 rogo,
1163 3720 1246 3774 ut
1283 3699 1356 3774 id
1409 3725 1496 3774 ne
1526 3699 1754 3784 facias
1776 3720 1826 3775 .·.
1852 3700 2028 3772 {Bau
2058 3705 2137 3770 De
2162 3699 2399 3783 luascu
2436 3699 2700 3772 Βοιιιεη

287 3797 422 3866 mel
465 3802 542 3866 m
585 3801 666 3866 ue
711 3797 908 3881 petas
949 3801 1021 3870 a!
1063 3795 1158 3880 fet
1199 3795 1440 3888 niente·
1467 3797 1615 3870 niet
1659 3802 1852 3893 naar,
1884 3798 2003 3877 tut
2053 3797 2126 3872 &
2182 3794 2441 3868 servire
2484 3850 2504 3885 ‚
2566 3821 2701 3894 pa-

291 3919 581 3990 reteque
637 3921 802 3971 eum
860 3919 1059 3972 antea
1116 3898 1325 3972 velim
1358 3949 1379 3983 ,
1445 3901 1658 3997 quam
1705 3894 1943 3984 jnntlt
2008 3889 2325 3976 iberum!
2371 3899 2500 3990 <ut
2564 3915 2703 3972 nos

294 3991 634 4078 dicimus)
687 4015 724 4064 a
775 4015 910 4067 ere.
1012 3993 1113 4070 Et
1147 3991 1193 4067 fi
1231 3996 1541 4090 poplites
1595 3994 1863 4066 flexiles
1912 4011 2055 4063 non
2102 3988 2349 4064 habeat
2398 3989 2528 4088 (ut
2566 4015 2693 4088 pa-

288 4107 490 4172 truus
530 4109 713 4180 quon
764 4113 872 4163 am
907 4115 1098 4170 meus
1141 4090 1471 4192 dicebat)
1525 4090 1616 4163 ad
1641 4085 1927 4162 Frifiam
1959 4088 2024 4159 ei
2057 4088 2485 4162 redeundum
2518 4092 2694 4177 erit‘,

290 4173 416 4257 ubi
467 4180 714 4274 ssmiles
765 4185 1026 4276 habent
1064 4188 1264 4261 iabra
1304 4181 1630 4261 iaetucas.
1731 4183 1957 4283 Quod
2008 4181 2059 4258 fi
2104 4209 2276 4282 vero
2316 4209 2355 4258 a
2410 4185 2507 4258 ud
2539 4188 2703 4260 lllu·
2806 4209 2816 4223 ·
2904 4203 2916 4220 ‘

285 4261 672 4396 -st'riffimuru
707 4280 983 4402 Ducem
1001 4283 1120 4362 De
1141 4281 1360 4362 ‘Feria
1392 4285 1592 4361 iocus
1631 4283 1914 4363 dabitur
1931 4333 1958 4381 ,
1992 4273 2117 4386 qui
2132 4285 2301 4411 συξη
2318 4292 2377 4361 a·
2409 4283 2695 4457 ωοᾱζὲι
