3700 4884
947 314 1650 450 852'V1GL11
1723 347 1853 414 AB
1912 263 3225 418 AYTTArzUICHEm
3286 329 3299 348 ’

957 525 1033 598 δι
1077 524 1234 595 illos
1289 519 1602 614 sumptus
1653 514 2176 603 fierimandet,
2224 533 2555 613 poterunt
2599 537 2757 610 quae
2818 515 3068 590 desunt
3112 521 3373 596 adhuc·

952 618 1282 714 suppleri.
1382 615 1742 689 Sollicitus
1787 633 1965 684 vero
2018 611 2165 686 sum
2223 613 2578 708 quomodo
2646 635 2729 686 ea
2776 615 3127 686 volumina
3178 622 3341 692 tuto

952 717 1044 788 ad
1097 711 1534 810 Majestatem
1577 709 1766 782 suam
1801 707 2100 804 dirigere
2131 731 2379 802 qpeam
2400 759 2425 798 ,
2474 706 2637 782 cum
2670 729 3091 806 magnopere
3134 715 3345 790 inter-

953 808 1108 896 fit,
1135 809 1328 882 ne⁸in
1359 808 1642 892 itinere,
1693 807 1886 899 quod
1932 803 2145 878 hodie
2173 807 2348 878 male
2380 805 2695 877 securum
2714 801 2856 892 est,
2905 808 3345 903 intercipian-

951 927 1065 979 tur
1131 907 1350 978 autin
1380 904 1654 976 alterius
1689 923 1929 974 manus
1966 899 2299 974 incidant.
2401 899 2883 997 Quamobrem
2916 900 2967 973 fi
3014 903 3341 1000 Majestas

953 999 1074 1075 sua
1110 1019 1370 1076 tanta-m
1402 1021 1664 1074 moram
1701 995 1878 1070 ferre
1918 995 2141 1091 poss'et
2158 1046 2183 1082 ,
2233 1018 2313 1070 ut
2348 994 2651 1072 securius
2684 1021 2767 1072 ea
2800 1002 3157 1074 volumina
3190 1006 3348 1078 mit-

955 1119 1301 1185 terentur,
1349 1094 1510 1170 cum
1575 1096 1695 1170 hic
1741 1093 1988 1190 aliquis
2036 1116 2276 1167 rumor
2324 1093 2747 1168 increbuerit
2786 1093 2883 1166 D.
2927 1094 3019 1168 V.
3060 1095 3344 1174 forsitan

957 1195 1375 1290 propediem
1437 1194 1524 1266 ad
1577 1215 1706 1265 nos
1751 1191 2249 1278 adventuram,
2300 1211 2633 1286 cuperem
2673 1192 2745 1262 in
2782 1191 2857 1264 id
2886 1211 3158 1289 tempus
3196 1196 3350 1270 mis-

957 1289 1216 1364 fionern
1271 1312 1424 1362 eam
1480 1286 1672 1383 poffe
1721 1281 1989 1358 differri
2010 1339 2032 1373 ‚
2084 1308 2233 1382 quo
2296 1309 2383 1360 ex
2432 1287 2664 1360 vestro
2714 1285 3005 1362 confilio
3038 1291 3213 1386 quid
3250 1289 3351 1366 fa·

961 1385 1288 1466 ciendum
1333 1383 1652 1460 videatur
1685 1383 2106 1476 intelligam,
2158 1383 2234 1457 &
2264 1380 2653 1478 priusquam
2687 1380 2754 1456 se
2790 1385 3022 1462 itineri
3058 1389 3227 1462 huic
3244 1387 3344 1460 D.

959 1479 1055 1553 V.
1095 1484 1453 1578 accingat,
1503 1478 1766 1576 aliquid
1805 1476 2041 1572 quaeso
2072 1475 2369 1574 responfi
2388 1475 2798 1574 tempestive
2818 1478 3173 1577 significet.
3225 1484 3355 1560 Be·

961 1601 1054 1652 ne
1112 1581 1270 1654 vale
1297 1632 1319 1666 ‚
1397 1573 1552 1651 CL.
1604 1575 1700 1650 D.
1764 1571 2234 1651 Horum-2.
2322 1573 2688 1652 Bruxellae.
2749 1598 2884 1652 v11.
2958 1577 3353 1658 Novembr.

963 1697 1082 1758 cio
1133 1698 1207 1752 12>
1259 1697 1474 1752 Lxxv.
1591 1739 1600 1748 .

1229 1877 2242 1974 EPISTOLA
2384 1881 3096 1982 CCLVIII.

973 2113 1281 2229 Regem
1318 2117 1639 2202 tandem
1693 2111 2013 2229 aliquid
2048 2105 2385 2226 statuiffe
2440 2112 2541 2198 de
2594 2109 2823 2198 rebus
2830 2109 3177 2228 publicis
3192 2176 3220 2218 ,
3247 2109 3363 2206 ἔθ’

1088 2227 1355 2341 desuo
1389 2253 1700 2345 quoque
1732 2233 2037 2344 negocio
2057 2283 2085 2328 ,
2139 2252 2319 2310 cum
2340 2227 2635 2340 gaudio
2670 2223 3093 2313 intellexit.
3190 2226 3363 2314 Gu-

1089 2340 1471 2430 bernator
1499 2349 1578 2430 in
1615 2340 2033 2430 Zelandia
2080 2335 2628 2424 memorabilia
2660 2339 2883 2546 geffit
2910 2399 2939 2442 ,
2991 2337 3374 2428 Xirixea

1089 2476 1358 2541 tamen
1415 2483 1566 2540 non
1643 2453 2150 2567 recuperata'.
2272 2447 2708 2566 Chiappini
2844 2451 3078 2542 itellii
3127 2481 3367 2542 mors.

1089 2566 1241 2656 Ad
1260 2565 1889 2682 pacificationem
1924 2563 2269 2652 anhelat.

982 2792 1235 2962 CL.
1287 2791 1386 2866 D.
1445 2793 1918 2872 Hor-rnna.
1980 2789 2268 2867 Nobilis
2316 2789 2439 2867 ille
2482 2795 2605 2888 qui
2654 2789 2694 2865 ὲ
2736 2793 2832 2868 D.
2898 2797 2988 2869 de
3034 2796 3369 2872 Noircar-
3520 2907 3525 2912 “

1195 2911 1342 2962 mes
1363 2890 1584 2965 isthuc
1613 2891 1846 2965 miffus
1868 2912 2051 2977 erat,
2076 2887 2303 2962 salvus
2334 2888 2473 2960 huc
2489 2893 2850 2984 pervenit,
2873 2893 3241 2989 literasque
3269 2893 3362 2968 D.

979 2987 1076 3060 V.
1127 2990 1212 3061 ad
1247 3009 1358 3060 me
1399 2987 1469 3060 se
1510 2989 1769 3062 habere
1812 2987 1945 3060 hac
1987 2982 2308 3059 transiens
2348 2986 2528 3058 dixit
2548 3037 2567 3070 ,
2620 2984 2734 3060 sed
2820 3011 2941 3062 uas
2970 2991 3367 3084 prohibitus

979 3083 1119 3158 fuit
1157 3085 1325 3156 mihi
1362 3084 1678 3168 tradere,
1719 3085 1946 3161 donec
1980 3079 2463 3155 Gubernatori
2504 3083 2733 3155 nostro
2763 3011 2912 3158 θυαε
2946 3088 3175 3158 literas
3206 3109 3368 3180 per·

979 3179 1258 3254 tuliss'et.
1359 3178 1500 3254 Eas
1533 3201 1762 3253 tamen
1795 3177 2039 3276 postea
2082 3177 2169 3250 ad
2206 3199 2319 3250 me
2358 3173 2535 3250 mifit
2586 3203 2603 3250 :
2655 3175 2771 3252 sed
2810 3185 3119 3256 nondum
3168 3185 3369 3277 quivi
3500 3224 3514 3230 —

983 3276 1070 3352 ab
1093 3297 1178 3348 eo
1207 3277 1634 3370 intelligere,
1655 3277 1981 3372 quidnam
2006 3273 2077 3348 in
2108 3272 2409 3368 publicis
2444 3277 2751 3370 negociis
2772 3331 2790 3360 ‚
2810 3279 3001 3370 quod
3032 3275 3188 3352 seiri
3208 3277 3368 3375 pos-

980 3371 1106 3455 fit,
1171 3373 1501 3444 attulerit.
1604 3371 1870 3448 Verum
1926 3369 2199 3467 gavisus
2248 3367 2395 3441 sum
2448 3391 2540 3441 ex
2595 3373 2959 3466 duplicato
3010 3375 3367 3448 literarum

989 3489 1146 3544 111.
1197 3465 1494 3541 Octobr.
1552 3489 1764 3564 atque
1810 3471 1960 3540 aliis
2016 3463 2348 3564 postridie
2394 3465 2571 3540 datis
2610 3468 3037 3564 intelligere,
3087 3475 3365 3545 tandem

981 3566 1250 3661 Regem
1311 3563 1570 3658 aliquid
1631 3559 1976 3637 resolvisse
2027 3564 2236 3659 super
2287 3559 2491 3636 rebus
2527 3565 2869 3656 publicis,
2918 3567 2997 3642 &
3034 3568 3110 3639 in
3149 3589 3365 3664 nego·

979 3666 1094 3738 cio
1131 3683 1284 3734 meo
1316 3661 1757 3754 particulari,
1807 3659 2068 3754 aliquid
2108 3657 2217 3732 m'e
2246 3659 2777 3732 intellecturum.

1079 3755 1536 3831 Gubernator
1582 3779 1810 3830 autem
1858 3753 2089 3830 noster
2124 3758 2245 3830 diu
2284 3756 2353 3825 in
2399 3753 2736 3829 Zelandia
2770 3779 3152 3854 occupatus
3178 3759 3361 3851 fuit,

981 3851 1058 3923 &
1101 3855 1368 3928 bellicis
1409 3857 1716 3948 negociis
1749 3855 1843 3925 ita
1880 3851 2235 3926 distraetus
2262 3899 2287 3935 ,
2334 3869 2413 3923 ut
2450 3851 2693 3939 ad'ea,
2742 3871 2902 3948 quae
2941 3855 3167 3952 Regia
3194 3859 3359 3933 Ma-

974 3943 1178 4040 jestas
1209 3953 1603 4038 mandavit,
1657 3948 2062 4044 exequenda
2096 3949 2201 4021 illi
2228 3949 2461 4019 ocium
2499 3971 2641 4021 non
2674 3947 2906 4025 fuerit.
2974 3953 3207 4030 Multa
3238 3973 3363 4030 ve·

977 4063 1064 4114 ro
1109 4043 1209 4124 ibi
1255 4047 1727 4119 memorabilia
1775 4065 1906 4139 per
1949 4043 2217 4119 nostros
2244 4044 2494 4118 milites
2534 4063 2863 4122 attentata
2895 4051 3183 4147 astaque
3214 4051 3360 4129 fue·

913 4235 926 4259 ¹
971 4162 1089 4231 re,
1135 4137 1252 4216 sed
1285 4139 1371 4218 ab
1411 4141 1694 4218 Xirixea
1735 4141 1967 4217 adhuc
1996 4140 2451 4216 excludimur.

3094 4243 3355 4344 Cbiap·
