3700 4884
964 348 1134 464 376
1200 339 1675 447 VIGLu
1729 362 1868 431 AB
1924 339 2434 434 AYTTA
2471 335 3232 436 thmHEm
3289 430 3294 440 .

962 559 1208 621 tenus,
1257 537 1423 610 dum
1478 535 1741 608 testum
1776 533 1952 606 tueri
1991 557 2212 608 conor
2244 583 2266 620 ,
2299 531 2674 628 ‚Ducifl‘am
2735 556 2818 608 ac
2867 530 3234 630 plerosque
3283 557 3360 607 a·

917 625 929 636 ’
965 638 1098 710 lios
1143 635 1369 707 minus
1420 651 1583 724 erga
1630 651 1739 702 me
1790 629 2177 706 benevolos
2231 628 2728 717 reddiderunt,
2777 631 3136 726 maJorque
3183 647 3360 703 tunc

966 730 1243 804 dabitur
1270 728 1559 800 facultas
1596 745 1677 799 ut
1727 748 2226 823 nonnunquam
2271 728 2356 800 ab
2402 726 2620 800 Curia
2669 723 2895 798 abess‘e
2949 729 3200 813 liceat,
3251 747 3356 800 at·

968 849 1108 922 que
1146 827 1311 898 dum
1350 817 1637 895 Duciss'a
1657 871 1676 902 ,
1724 840 1847 894 aut
1909 823 2082 895 alius
2143 823 2460 918 regimini
2525 823 2832 918 generali
2899 821 3147 895 harum
3187 821 3363 895 Pro·

962 923 1346 998 vinciar-um
1392 913 1812 1003 Praefe&u3‚
1863 938 1980 992 aut
2033 919 2194 994 Rex
2249 916 2395 1015 ipse
2439 915 2735 1014 praesens
2773 918 2914 992 huc
2949 937 3160 1013 atque
3189 918 3358 994 illuc

972 1015 1449 1115 proficiscetur
1471 1063 1497 1100 ‚
1546 1035 1687 1088 non
1733 1017 2115 1110 compellar
2161 1035 2320 1086 cum
2369 1016 2817 1087 incommodo
2865 1037 3065 1101 meo,
3113 1036 3196 1086 ac
3241 1037 3369 1089 va·

957 1113 1293 1188 letudinis
1333 1110 1752 1182 detrimento
1786 1108 1996 1202 sequi.
2097 1109 2322 1204 Quod
2359 1133 2588 1182 autem
2619 1111 2960 1205 reliquum
3015 1103 3186 1180 mihi
3227 1112 3364 1182 erit

963 1211 1219 1282 virium
1262 1208 1569 1299 vitaeque
1602 1259 1621 1294 ,
1660 1204 1733 1276 id
1780 1205 2028 1278 lubens
2077 1209 2166 1278 ad
2213 1204 2598 1301 MaJestatis
2651 1205 2790 1278 suae
2847 1202 3199 1279 servitium
3245 1206 3366 1280 de-

966 1303 1266 1386 dicabo‚
1314 1299 1455 1373 five
1494 1305 1569 1374 in
1612 1298 1924 1376 Confilio
1971 1302 2242 1389 Status,
2293 1301 2436 1376 ssve
2476 1323 2618 1398 qua
2667 1301 2800 1374 alia
2837 1301 2910 1372 in
2967 1325 3042 1373 re
3089 1323 3240 1374 mea
3287 1324 3368 1374 o-

964 1423 1137 1495 pera
1170 1397 1319 1470 usui
1366 1398 1431 1470 ei
1486 1395 1619 1472 ess‘e
1668 1419 1897 1490 queat.
2009 1395 2182 1472 Non
2241 1395 2462 1472 visum
2525 1418 2758 1470 autem
2821 1395 2996 1468 mihi
3041 1394 3176 1470 fuit
3229 1398 3372 1472 hoc

964 1515 1281 1588 tempore
1320 1495 1589 1589 aliquid
1622 1491 1803 1586 Regi
1834 1489 1955 1566 res
1993 1493 2290 1582 ondere,
2331 1497 2556 1567 donec
2587 1515 2716 1589 per
2745 1512 2819 1567 te
2859 1491 3119 1567 certior
3159 1489 3362 1580 fiam,

888 1599 897 1606 “
962 1614 1053 1664 an
1090 1591 1205 1665 hic
1252 1612 1441 1662 meus
1474 1589 1864 1662 intellestus
1983 1591 2126 1684 egis
2161 1591 2532 1664 intentioni
2571 1588 2944 1662 conveniat
2970 1639 2992 1674 ,
3061 1586 3138 1660 id
3167 1587 3362 1684 quod

976 1691 1165 1760 clare
1222 1684 1599 1780 cognosces
1660 1707 1751 1756 ex
1798 1685 2170 1758 dimiffione
2224 1683 2320 1757 D.
2378 1683 2860 1782 Tysenachii:
2941 1682 2992 1756 fi
3039 1682 3220 1758 enim
3267 1685 3374 1756 illi

967 1784 1304 1878 adjunget
1328 1837 1349 1873 ,
1398 1781 1593 1878 quod
1636 1779 1902 1874 semper
1938 1778 2360 1868 defideravi,
2413 1781 2672 1877 privati
2721 1777 3014 1852 Confilii
3079 1779 3374 1875 dignita·

970 1897 1113 1952 tem
1134 1931 1161 1961 ‚
1208 1901 1317 1951 res
1364 1876 1551 1950 salva
1578 1879 1713 1950 erit
1732 1929 1753 1963 ‚
1800 1877 1880 1949 &
1909 1873 2103 1950 fruar
2137 1879 2438 1972 optatis3
2489 1875 2588 1950 fin
2623 1875 2800 1952 vero
2855 1877 2928 1947 in
2969 1877 3160 1948 aliud
3201 1896 3370 1948 tem·

970 1995 1109 2070 pus
1147 1974 1219 2046 id
1280 1973 1593 2068 rejiciet,
1639 1995 1781 2047 non
1829 1993 2084 2068 potero
2137 1975 2456 2048 omittere
2503 1976 2736 2048 denuo
2781 1970 2929 2064 ejus
2975 1993 3173 2046 aures
3209 1967 3372 2068 sup-

970 2069 1467 2166 plicationibus
1495 2069 1667 2142 meis
1694 2068 2109 2144 obtundere.
2162 2069 2503 2164 Quinimo
2535 2067 2583 2141 ss
2617 2065 2773 2142 Rex
2795 2089 3104 2142 autumat
3145 2088 3372 2142 meam

974 2187 1263 2260 operam
1298 2169 1398 2238 illi
1433 2163 1665 2240 adhuc
1704 2163 1853 2238 usui
1891 2163 2022 2240 ess'e
2050 2163 2240 2259 poss'e
2259 2215 2282 2253 ,
2330 2163 2534 2238 satius
2567 2165 2700 2240 erit
2724 2219 2741 2250 ‚
2761 2184 2844 2236 ut
2873 2165 3180 2258 patiatur
3215 2186 3373 2252 me,

978 2259 1055 2331 &
1106 2263 1329 2337 aetatis
1364 2265 1439 2337 &
1470 2258 1888 2334 valetudinis
1929 2263 2182 2336 habere
2222 2264 2560 2335 rationem
2591 2311 2612 2344 ,
2664 2259 2811 2356 qud
2852 2262 3128 2353 longius
3163 2261 3229 2332 ei
3263 2259 3372 2331 in·

974 2355 1227 2430 servire
1284 2361 1550 2431 valeam
1571 2407 1592 2440 ,
1644 2379 1851 2450 quam
1896 2355 2022 2429 sub
2067 2379 2276 2430 onere
2305 2359 2520 2431 nimio
2557 2351 2958 2522 opffiess'um
2985 2359 3168 2429 intra
3199 2377 3372 2450 pau-

978 2473 1140 2525 cum
1172 2475 1446 2547 tempus
1480 2449 1699 2524 vitam
1732 2449 1956 2524 finire.
2005 2449 2189 2526 Haec
2223 2469 2453 2525 tecum
2477 2503 2498 2536 ,
2534 2453 2628 2522 mi
2765 2471 2816 2524 o
2839 2471 3120 2524 rnna
3142 2504 3163 2540 ‚
3210 2451 3372 2546 phi-

977 2545 1316 2641 losophor
1340 2599 1362 2633 ,
1443 2544 1719 2641 sperans
1786 2569 1924 2640 pro
1986 2566 2108 2619 tua
2159 2569 2324 2642 erga
2368 2571 2476 2621 me
2523 2547 3014 2620 benevolentia
3039 2599 3063 2635 ‚
3131 2547 3373 2620 eadem

976 2639 1233 2716 reeuus
1285 2641 1874 2722 consideraturum
1895 2694 1916 2730 ,
1979 2663 2064 2714 ac
2108 2664 2188 2718 ut
2231 2641 2360 2716 tiffi
2409 2661 2492 2716 ac
2523 2643 2760 2716 amicis
2793 2640 3218 2739 aliquamdiu
3253 2641 3375 2718 ad·

982 2740 1129 2812 huc
1163 2735 1574 2822 conserver,
1622 2757 1759 2809 una
1808 2734 2230 2811 annisumm.
2706 2775 2717 2782 ·

1076 2833 1201 2915 De=
1230 2833 1437 2908 rebus
1492 2829 1790 2928 publicis
1840 2831 2014 2907 nihil
2055 2837 2143 2908 ad
2177 2854 2248 2909 te
2285 2831 2550 2923 scribo,
2601 2829 2762 2908 cum
2801 2855 2889 2906 ex
2925 2831 3233 2908 Ducissae
3291 2834 3378 2906 li·

984 2933 1153 3003 teris
1196 2951 1429 3002 earum
1462 2929 1708 3002 statum
1754 2929 2024 3024 plenius
2070 2930 2452 3026 intelligere
2499 2931 2786 3005 valebis,
2889 2929 3104 3005 Unde
3151 2929 3231 3003 ἀ
3275 2927 3378 3002 sa·

986 3027 1119 3099 cile
1168 3025 1495 3122 conjicies
1513 3080 1533 3110 ‚
1588 3023 1839 3120 quibus
1891 3023 2011 3098 hic
2066 3025 2399 3121 periculis
2447 3025 2926 3112 involvamur;
2991 3026 3066 3100 δι
3113 3028 3374 3120 empla-

983 3117 1200 3194 strum
1258 3123 1539 3217 quidem
1606 3119 1882 3193 vulneri
1931 3119 2321 3214 appositum
2371 3119 2508 3209 est,
2559 3123 3056 3214 inventumque
3085 3117 3376 3216 aliquod

980 3211 1334 3289 sufflamen
1357 3269 1378 3303 ‚
1476 3236 1571 3288 uo
1617 3239 1858 3288 currus
1909 3217 2028 3288 hic
2058 3218 2130 3288 in
2174 3239 2494 3312 praeceps
2529 3239 2730 3290 ruens
2775 3239 3151 3312 parumper
3199 3213 3379 3288 fista-

982 3331 1102 3384 tur
1126 3333 1163 3396 3·
1195 3309 1312 3384 sed
1348 3313 1471 3382 nii
1506 3311 1695 3383 aliud
1741 3313 2120 3384 remedium
2167 3315 2310 3385 cito
2357 3314 2767 3387 adhibeatur
2794 3361 2814 3394 ,
2865 3311 3070 3385 facile
3116 3313 3374 3386 vulnus

965 3407 1163 3480 'istud
1216 3405 1655 3480 recrudescet
1693 3455 1711 3486 ‚
1784 3401 1864 3478 ὅτ
1909 3409 2356 3482 metuendum
2403 3405 2502 3481 est
2552 3459 2577 3494 ,
2645 3431 2732 3479 ne
2777 3405 2898 3480 fiat
2940 3405 3310 3480 insanabile
3349 3429 3376 3494 ;

985 3506 1241 3587 multas
1272 3523 1501 3576 autem
1552 3505 1849 3575 rationes
1897 3523 2094 3578 antea
2143 3501 2412 3599 Regem
2457 3501 2870 3602 permovisse
2919 3526 3064 3578 non
3101 3505 3375 3576 dubita·

986 3622 1179 3686 mus,
1218 3621 1297 3672 ut
1351 3599 1437 3672 ab
1487 3595 1809 3670 Statuam
1868 3596 2317 3673 Generalium
2372 3601 2876 3673 convocatione
2933 3597 3380 3684 abhorreret,

986 3693 1105 3769 sed
1160 3697 1248 3770 eo
1296 3718 1405 3770 res
1454 3693 1703 3777 rediit,
1754 3711 1835 3764 ut
1879 3691 2019 3767 fine
2076 3697 2239 3780 illa,
2291 3695 2565 3770 absente
2611 3694 2730 3768 sua
2779 3693 3184 3788 Maiestate,
3235 3717 3376 3766 am·

989 3789 1177 3886 plius
1224 3791 1650 3887 Respublica
1680 3786 1992 3862 sustineri
2027 3811 2364 3884 nequeat,
2401 3814 2621 3886 eaque
2661 3787 2802 3862 una
2848 3813 3002 3862 cum
3040 3791 3378 3884 religione

988 3883 1251 3985 pess'um
1296 3909 1429 3960 eat.
1529 3883 1958 3982 sperandum
2013 3907 2241 3960 autem
2290 3883 2452 3964 esset
2489 3941 2510 3974 ‚
2576 3888 2864 3982 publico
2927 3883 3220 3960 consilio
3259 3886 3380 3958 ali·

992 4003 1203 4078 quam
1246 3985 1585 4055 rationem
1633 3984 1987 4054 inventum
2041 3984 2164 4070 iri,
2214 4004 2352 4078 qua
2393 3979 2442 4052 fi
2497 4005 2636 4056 non
2669 3982 2852 4056 bona
2882 4031 2907 4064 ,
2954 3984 3181 4056 minus
3229 4003 3378 4055 cer·

992 4098 1069 4152 te
1117 4079 1297 4150 mala
1330 4073 1535 4173 Reip.
1584 4078 2118 4173 Religionisque
2167 4077 2390 4152 forma
2423 4077 2942 4154 constitueretur
2965 4127 2988 4162 ,
3037 4099 3119 4151 ac
3165 4099 3382 4176 quan-

992 4175 1091 4246 do
1124 4171 1516 4247 cadendum
1556 4173 1702 4263 est,
1750 4172 1957 4248 satius
2010 4193 2232 4248 cattos
2279 4174 2566 4264 imitari,
2617 4175 2841 4271 quiin
2883 4193 3188 4267 quatuor
3251 4195 3380 4269 pe·

992 4267 1111 4347 des
1145 4271 1521 4362 decidunt,
1568 4269 1643 4348 δι
1682 4271 1841 4350 iuos
1871 4270 2158 4370 potine,
2209 4269 2416 4371 quam
2453 4273 2713 4350 collum
2743 4287 3097 4407 rumpunt.
3133 4353 3372 4458 Quoi
