3700 4884
2730 243 2743 281 l

865 364 1040 503 '394
1095 342 1571 481 V'1GL11
1627 400 1760 471 AB
1803 374 2352 510 ,AYTTA
2406 374 3148 472 zU1CHEM1
3272 503 3277 513 υ

968 574 1118 649 Scis
1161 580 1396 663 enim,
1435 598 1606 671 quas
1639 574 1822 647 vires
1856 554 2268 657 habeamus,
2318 591 2639 667 quosque
2680 574 2914 661 vil-08,
2944 596 3301 679 ⁵quorum-

875 694 1097 767 opera
1137 676 1206 746 in
1245 677 1656 749 executione
1703 692 1889 763 opus
1941 667 2057 742 est.
2158 666 2366 741 Unus
2434 669 2633 745 alteri
2682 692 2826 745 non
2872 668 3031 744 satis
3074 672 3269 759 fidit,

878 766 1254 845 &invidia
1305 769 1793 861 calumniaque
1856 766 2229 837 multorum
2284 786 2575 839 conatus
2622 768 3031 863 impediunt.
3132 764 3275 839 Ve-

878 863 1032 938 rum
1067 862 1248 961 jaan
1293 864 1392 939 est
1435 868 1624 948 alea,
1671 865 1747 937 &
1775 859 2039 955 ubique
2074 858 2401 933 sectarios
2464 862 2553 935 ad
2614 886 2805 937 arma
2838 864 3273 938 conclamare

877 962 1210 1034 audimus.
1309 962 1622 1036 Proinde.
1644 956 1766 1031 nifi
1819 958 1861 1027 a
1896 956 2101 1030 vobis
2148 954 2513 1039 necessaria
2562 960 2859 1054 pecunia
2900 963 3227 1056 juvemur
3256 1008 3282 1046 ,

873 1055 1121 1131 frustra
1157 1050 1450 1133 fortaffis
1485 1054 1693 1129 vestri
1741 1073 2121 1149 apparatus
2158 1050 2373 1139 fient,
2420 1052 2581 1127 cum
2641 1056 2875 1131 omnia
2918 1078 3279 1152 praeoccu-

874 1170 1043 1247 pata
1093 1174 1322 1227 erunt.
1419 1154 1675 1225 Primae
1715 1150 2155 1241 velitationes
2196 1172 2357 1222 cum
2402 1148 2809 1223 adversariis
2850 1152 3036 1226 haud
3079 1150 3277 1225 infae·

869 1250 1107 1328 liciter
1170 1250 1416 1323 nostris
1463 1248 1851 1335 cess'erunt,
1900 1268 1984 1319 ac
2046 1244 2197 1318 heri
2254 1245 2457 1321 nobis
2508 1247 2898 1319 nuntiatum
2954 1246 3125 1334 fuit,
3198 1249 3277 1321 in

877 1366 1071 1441 pago
1118 1370 1276 1421 meo
1330 1344 1694 1419 Watreloz
1713 1395 1736 1431 ,
1785 1342 1825 1415 ὲ
1858 1341 2075 1415 milite
2122 1338 2421 1415 Domini
2472 1340 2560 1415 de
2610 1342 3048 1437 Raffinghem
3094 1366 3279 1441 pene

879 1462 1030 1514 ccc.
1083 1464 1222 1517 una
1271 1464 1431 1515 cum
1495 1440 1885 1536 Capitaneo
1932 1460 2015 1511 ac
2082 1434 2602 1513 Concionatore
2664 1436 2874 1511 caesos
2932 1438 3104 1524 ess'e,
3154 1441 3280 1535 qui

883 1535 1046 1609 illac
1100 1536 1515 1626 transibant,
1567 1555 1650 1610 ut
1689 1538 1842 1609 aliis
1888 1532 2157 1630 copiis,
2222 1536 2347 1629 qui
2387 1534 2589 1629 juxta
2650 1534 3061 1609 Tornacum
3112 1558 3281 1610 con·

881 1653 1220 1713 venerunt
1251 1686 1276 1721 ,
1359 1632 1494 1707 sese
1571 1634 2122 1727 conjungerentz
2218 1628 2465 1705 verum
2548 1629 2853 1719 Martem
2930 1628 3289 1707 Homerus

879 1724 1118 1804 ἆὶλΘ*’
1157 1734 1308 1819 πρὶς
1371 1728 1574 1805 dux&
1606 1728 1700 1803 -&
1748 1748 2004 1800 vereor
2080 1746 2169 1799 ne
2232 1726 2307 1799 in
2374 1724 2657 1801 miseros
2728 1724 3287 1815 Ecclesiasticus,

887 1848 1190 1923 quorum
1281 1824 1683 1923 sanguinem
1773 1820 2053 1906 sitiunt,
2133 1820 2609 1897 seditiosorum
2670 1821 2980 1897 vindieia
3038 1822 3289 1898 redun-

889 1928 1030 1999 det.
1127 1921 1346 1999 Frifia
1397 1923 1656 2005 nostra,
1707 1920 1903 2015 quod
1952 1918 2271 1993 dolenter
2320 1916 2591 2002 scribo,
2637 1918 2751 1993 hir
2816 1920 3009 1993 malin
3110 1922 3293 1995 uoti-

887 2018 1004 2113 die
1033 2016 1323 2115 gravius
1382 2018 1858 2112 immergitur,
1906 2037 1991 2087 ac
2039 2036 2127 2090 ex
2162 2014 2525 2091 nobilitate
2570 2016 2767 2087 multi
2809 2013 2878 2090 se
2908 2036 3069 2093 ante
3120 2040 3295 2111 gna-

889 2139 1022 2189 nos
1075 2114 1377 2193 sectariis
1436 2114 1788 2189 exhibent.
1887 2110 2350 2187 Advenerunt
2414 2130 2641 2184 autem
2684 2110 2825 2187 huc
2892 2112 2981 2185 ab
3026 2113 3297 2209 aliquot

889 2212 1136 2287 diebus
1177 2212 1444 2287 Docko
1479 2214 1540 2285 a'
1575 2210 1946 2294 Martena,
1995 2206 2289 2282 Douwe
2320 2208 2409 2281 ab
2458 2204 2846 2303 Hottinga,
2902 2208 2977 2282 &
3014 2206 3295 2284 Dofflzor

888 2307 1102 2382 Barta
1121 2306 1584 2405 ,quimescio
1605 2328 1857 2401 quam,
1906 2302 2359 2399 praetendunt
2378 2304 2839 2397 legationem,
2888 2326 3094 2400 quam
3125 2306 3295 2379 hac-

891 2424 1098 2479 tenus
1139 2402 1463 2501 proferre
1508 2402 1934 2477 distulerunt.
2038 2398 2347 2474 Proinde
2403 2398 2687 2493 quidam
2740 2402 2901 2475 illos
2951 2398 3298 2498 suspican-

893 2519 1057 2585 tur,
1129 2505 1350 2596 magis
1399 2497 1816 2595 explorandi
1868 2492 2067 2569 causa
2111 2494 2285 2589 quid
2336 2494 2454 2567 alii
2521 2494 2828 2583 faciant,
2890 2494 3236 2571 adveniss‘e
3267 2548 3297 2586 ,

891 2598 1102 2693 qnam
1147 2594 1528 2669 remedium
1561 2592 1841 2688 aliquod
1875 2610 2209 2684 quaerere.
2310 2586 2888 2689 Cohortatusque
2918 2589 3068 2665 sum
3100 2592 3303 2668 Doc-

891 2693 1158 2766 konem
1179 2745 1202 2780 ,
1251 2712 1328 2765 ut
1356 2744 1378 2777 ‚
1427 2712 1561 2785 pro
1593 2688 1813 2779 veteri
1847 2682 2353 2770 familiaritate,
2406 2687 2673 2784 aliquid
2713 2690 2805 2761 ad
2832 2710 2904 2762 te
2926 2684 3301 2780 scriberet,

895 2790 1092 2883 quod
1139 2789 1257 2861 ille
1301 2785 1646 2859 faeiurum
1682 2782 1751 2856 se
1794 2780 2111 2878 promifit
2134 2833 2156 2867 ,
2204 2804 2293 2855 ex
2328 2782 2527 2879 cujus
2555 2784 2774 2858 literis
2828 2782 3113 2859 forsitan
3156 2808 3297 2861 me·

893 2883 1028 2957 lius
1061 2882 1446 2981 intelliges,
1500 2874 1993 2978 quorsumnam
2026 2900 2268 2953 eorum
2314 2876 2603 2955 consilia
2648 2881 2957 2957 tendant.
3054 2880 3301 2959 Arem-

894 2978 1291 3075 bergensem
1331 3000 1646 3075 optarem
1705 2976 1891 3049 illius
1956 2972 2349 3049 Sallustiani
2392 2970 2787 3049 meminiffe.
2887 2974 3301 3075 Priusquam

891 3078 1233 3173 incipiaS,
1281 3074 1602 3150 consulto
1617 3124 1640 3160 ,
1691 3068 1770 3144 &
1792 3122 1817 3158 ,
1869 3070 1995 3144 ubi
2041 3070 2507 3156 consulueris»,
2558 3088 2821 3146 mature
2866 3070 3057 3147 fafilo
3110 3098 3301 3171 opus

866 3169 1019 3246 fest.
1116 3168 1274 3259 Qui
1325 3194 1559 3247 autem
1613 3170 1907 3243 nimium
1964 3168 2173 3241 calidi
2222 3166 2379 3240 sunt
2424 3167 2629 3243 initio
2653 3219 2676 3255 ,
2736 3168 2973 3265 postea
3022 3170 3095 3241 in
3140 3194 3295 3247 exe·

897 3267 1186 3363 quendo
1215 3270 1549 3341 tardiores
1593 3262 1726 3338 effe
1789 3261 2047 3350 solent,
2100 3284 2561 3360 magnamque
2616 3267 2893 3339 laudem
2950 3288 3299 3361 promere·

901 3384 1016 3437 tur
1034 3416 1083 3475 ,ο
1104 3365 1227 3459 qui
1261 3363 1736 3459 magnanimos
1769 3357 2049 3457 spiritus
2070 3360 2419 3435 moderari
2450 3362 2698 3435 novin·
2779 3360 2965 3435 Nam
2996 3364 3157 3450 alii,
3188 3365 3297 3438 uti

897 3478 1229 3536 continua
1267 3458 1472 3533 febre
1503 3458 1939 3546 laboranteS,
1989 3454 2039 3529 fi
2077 3456 2245 3551 quid
2293 3453 2630 3557 prospere
2684 3478 2937 3552 agunt,
2988 3457 3295 3533 fortunae
3386 3483 3397 3499 ·

897 3557 1162 3668 magia,
1212 3555 1421 3653 quam
1451 3553 1844 3649 prudentiae
1894 3550 2303 3627 ass'cribitur.
2401 3552 2501 3625 Et
2548 3550 2875 3649 profesto
2924 3550 3175 3629 Rass'en
3228 3578 3319 3629 e·-

895 3676 1079 3727 mius
1116 3677 1258 3727 non
1311 3674 1598 3751 parvam
1643 3648 2401 3746 promeruit-laudem,
2468 3652 2591 3744 qui
2652 3653 3124 3725 moderamine
3200 3672 3298 3724 uo

893 3748 1277 3825 Insulenses
1325 3744 1654 3821 haetenus
1684 3749 1756 3819 in
1791 3744 2025 3821 officio
2054 3746 2443 3829 continuit,
2494 3742 2569 3816 ἃ
2601 3768 2821 3843 parva
2856 3770 3083 3843 manu,
3108 3770 3301 3845 egre·

889 3844 1087 3939 gium
1124 3846 1521 3939 exemplum
1571 3841 1822 3924 edidit.
1914 3840 1989 3916 Si
2031 3840 2479 3916 Noircarmio
2518 3837 2848 3915 suecedet
2883 3840 3041 3917 suus
3087 3867 3301 3919 cona-
3348 3918 3357 3927 ,

893 3963 1054 4030 tus,
1103 3942 1192 4012 ad
1228 3940 1734 4013 aemulationem
1775 3934 1981 4032 spero
2019 3938 2193 4013 alios
2232 3928 2690 4033 provocabit,
2726 3962 2843 4013 ·ac
2896 3938 3302 4037 Egmonda·

835 4066 842 4073 ·
893 4058 1032 4112 nus
1061 4038 1150 4114 ad
1187 4032 1458 4109 suarum
1502 4034 2029 4111 provinciarum
2060 4034 2349 4108 tutelam
2376 4032 2580 4105 brevi
2614 4033 2809 4109 abire
2845 4034 3303 4125 constituens,

891 4131 1301 4209 adversariis
1345 4128 1636 4210 forsstan
1673 4150 2011 4206 terrorem
2044 4130 2347 4299 alienent
2382 4125 2715 4223 incutiet,
2764 4154 2910 4229 quo
2956 4156 3038 4213 ea
3068 4133 3303 4219 saltem

879 4252 978 4305 ex
1019 4252 1222 4331 parte
1274 4250 1505 4309 motus
1551 4226 1666 4305 isti
1727 4225 2083 4328 paululum
2166 4226 2481 4303 edentur.
3152 4324 3271 4405 Ex

3690 2852 3692 2925 —..
3682 2444 3693 2811 ,μ--ω-μ-
