3700 4884
934 342 1641 475 ⁶12„v1GL11
1704 342 1839 435 An
1897 337 2434 475 ΑΥΤΤᾼ
2489 284 3284 473 zmcHEMr

944 540 1143 615 fectis
1197 536 1421 615 cursui
1454 538 1759 635 publico
1808 531 2184 611 ‘eommiffae
2251 534 2556 624 fuerint,
2600 535 2827 610 visum
2877 535 3342 613 esthinarum

944 638 1411 735 posteriorum
1452 639 1542 707 ad
1580 630 1823 707 D.-T.
1877 634 2196 729 ex'empla
2237 633 2425 705 hisce
2472 632 2932 728 conjungere,
2983 636 3340 731 rogoque,

948 758 1033 809 ut
1080 732 1127 803 fi
1175 756 1335 828 quae
1382 752 1615 803 earum
1674 728 1743 800 in
1794 730 1914 801 via
1945 730 2310 827 perierint
2354 730 2859 823 interceptaeve
2897 730 3070 816 fint,
3119 733 3208 802 ab
3245 732 3347 804 D.

919 848 1071 916 ,tua
1118 824 1517 901 admonear.
1613 822 1972 897 'Nonnihil
2025 824 2212 895 enim
2271 844 2391 895 me·
2425 846 2511 897 ea
2558 848 2666 899 res
2720 825 3086 900 sollicitum
3135 830 3351 903 habet

946 944 1247 1021 propter
1290 922 1680 1007 materiam,
1724 916 1938 1015 quam
2006 920 2162 992 haec
2213 940 2526 1017 tempora
2582 920 2867 995 subinde
2920 920 3357 999 scribendam

831 1031 842 1042 ’
948 1016 1279 1097 offerunt.
1380 1019 1649 1090 Interea
1698 1016 1819 1087 hic
1869 1036 2030 1087 cum
2079 1016 2307 1113 hydra
2339 1038 2768 1111 pugnamus
2811 1070 2833 1103 ‚
2911 1016 3357 1115 supress‘oque

950 1142 1097 1190 uno
1149 1118 1377 1211 capite
1424 1118 1626 1208 plura
1664 1110 2112 1184 suboriuntur
2140 1108 2284 1199 ,ἃ
2331 1134 2492 1185 cum
2531 1113 3014 1187 universaliter
3043 1123 3354 1213 populus

949 1218 1279 1289 omnium·
1310 1208 1884 1293 Provinciarum,
1933 1207 2412 1297 executionem
2448 1231 2660 1282 novae
2697 1210 3080 1284 exa-aionis
3127 1216 3357 1287 detrea

950 1314 1129 1396 stet,
1176 1330 1328 1383 tum
1364 1304 1487 1379 hic
1515 1304 1719 1378 nobis
1740 1324 2012 1397 magnae
2045 1302 2980 1380 difficultaterisuboriuntur.
3031 1309 3353 1408 Reliquae

949 1424 1183 1481 autem
1218 1404 1541 1476 civitates
1577 1418 1793 1496 penes
1827 1402 2384 1474 maesia-hanc
2416 1402 2658 1501 urbem
2679 1406 2922 1479 oculos
2942 1401 3356 1491 intendunt,

952 1504 1029 1576 in
1078 1524 1217 1596 qua
1255 1520 1382 1574 nec
1446 1496 1671 1573 Ducis
1708 1495 2074 1591 praesentia
2109 1545 2132 1581 ‚
2170 1494 2792 1591 ·comminatioque
2845 1499 3093 1572 crebra
3127 1552 3148 1582 ‚
3225 1524 3358 1579 nee

953 1602 1251 1675 militum
1320 1591 1755 1691 praefidium,
1807 1592 2002 1686 quod
2061 1590 2284 1664 indies
2340 1592 2618 1676 crescit,
2671 1596 2856 1689 apud
2911 1592 3358 1673 refrat‘hrios

958 1700 1157 1773 cives
1208 1694 1573 1785 impetrare
1622 1690 1900 1784 potuit,
1966 1706 2048 1758 ut
2097 1686 2436 1760 mandatis
2481 1705 2832 1781 parerent.
2935 1690 3356 1789 Clausaeque

910 1782 927 1795 ’
958 1792 1195 1891 paffim
1251 1786 1406 1859 sunt
1453 1784 1759 1856 tabernae
1806 1780 2312 1879 necessariaque
2365 1782 2576 1855 vic'tui
2629 1782 2935 1861 humano
2971 1808 3158 1883 aegre
3191 1812 3362 1862 con-

958 1889 1190 1985 quiri,
1242 1875 2095 1977 comparativepoffuntfi
2157 1878 2272 1954 Ae
2309 1878 2565 1963 interea
2595 1898 2986 1975 pauperum
3011 1882 3359 1959 artificum

960 1979 1579 2079 operariorumque
1620 1996 1906 2070 magnus
1943 1997 2272 2047 numerus
2299 2026 2322 2059 ,
2373 1975 2494 2071 qui
2529 1972 2616 2047 ab
2652 1976 3018 2050 ditioribus
3043 1978 3358 2055 sustineri

966 2080 1191 2165 solet,
1238 2074 1419 2149 fame
1450 2074 1543 2147 ad
1579 2070 1823 2169 pejora
1866 2068 2150 2145 confilia
2191 2071 2516 2164 adigitur.
2563 2072 2762 2167 -Alia
2799 2096 3032 2147 autem
3069 2098 3158 2147 ex
3195 2102 3358 2172 par-

962 2197 1038 2253 te
1059 2226 1084 2261 ,
1132 2176 1426 2247 militum
1468 2191 1609 2240 non
1644 2165 1883 2239 solutis
1925 2166 2274 2261 stipendiis
2307 2216 2328 2248 ,
2375 2165 2582 2240 valde
2621 2169 3000 2258 metuitur,
3051 2172 3360 2249 ne&illi

964 2270 1342 2367 aliquando
1373 2264 1779 2338 tumultuari
1810 2263 2194 2357 incipiam-.-
2240 2260 2524 2355 Quibus
2559 2264 2878 2337 omnibus
2913 2272 3189 2341 occurri
3283 2294 3360 2343 o-

964 2366 1169 2443 tuiss'e
1198 2366 1518 2447 videtur,
1568 2358 1613 2430 fi
1652 2359 1835 2453 Duci
1875 2354 2231 2431 confilium
2265 2358 2569 2431 nostrum
2599 2362 2917 2461 amplecti
2947 2290 3354 2459 placuinlgt,

970 2468 1201 2537 donec
1252 2460 1474 2550 Regia
1530 2454 1860 2547 Maiestas
1909 2453 1996 2527 de
2037 2453 2362 2526 omnibus
2393 2454 2916 2531 difficultatibus
2953 2461 3350 2547 admonita,

964 2558 1161 2635 suam
1208 2553 1694 2627 authoritatem
1770 2544 2296 2645 interposuisset.
2395 2550 2582 2638 Cum
2655 2553 2744 2625 ab
2809 2556 3060 2629 'exteris
3125 2580 3368 2632 autem

964 2654 1335 2747 cumplura
1376 2648 1779 2743 immineant
1826 2646 2144 2739 pericula
2178 2698 2199 2733 ,
2264 2665 2412 2717 tum
2472 2648 2612 2721 hoc
2663 2648 3061 2723 intestinum
3106 2646 3368 2727 malum

968 2748 1233 2823 viscera
1262 2744 1486 2817 nostra
1521 2742 1824 2815 maxime
1839 2740 2174 2812 concutit.
2224 2740 2416 2829 Quae
2449 2744 2532 2814 ad
2572 2764 2678 2829 te,
2731 2748 2824 2815 mi
2853 2744 3005 2819 Ho
3027 2768 3362 2837 PPERE,

969 2866 1053 2919 ut
1111 2842 1418 2937 apertius
1468 2836 1793 2921 scribam,
1847 2834 2056 2931 Reip.
2115 2838 2576 2911 conservatio·
2611 2862 2720 2912 me
2781 2840 3136 2935 impellit3
3205 2869 3370 2919 nam

968 2942 1167 3039 quod
1196 2936 1363 3009 mihi
1388 2954 1687 3007 metuam
1726 2954 1866 3004 non
1889 2932 1985 3004 ita
2020 2934 2308 3005 multum
2347 2933 2482 3015 est,
2531 2932 2689 3007 cum
2727 2955 3000 3009 aetatem
3035 2960 3122 3011 eo
3149 2940 3372 3036 usque

965 3040 1112 3137 jam
1164 3033 1649 3131 perduxerim,
1721 3046 1801 3099 ut
1857 3030 2022 3099 vitae
2073 3049 2214 3100 non
2270 3027 2568 3101 illubens
2622 3034 3028 3105 renunciare
3075 3056 3374 3127 paratus

968 3134 1139 3219 iim,
1189 3128 1565 3227 praesertim
1598 3122 2022 3219 quotidianis
2049 3124 2370 3218 corporis
2412 3124 2916 3212 incommodis,
2965 3118 3376 3227 morbisque

973 3249 1347 3325 gravatus,
1398 3241 1657 3317 praeter
1694 3221 2010 3292 dolorem
2047 3220 2297 3304 animi,
2345 3242 2556 3315 quem
2594 3224 2900 3317 pubiicae
2953 3226 3371 3325 oelamitatie

972 3346 1199 3399 metus
1240 3322 1440 3392 nobis
1474 3334 1777 3412 generat.
3344 3338 3352 3345 ·

1070 3412 1526 3491 Flandrenses
1567 3415 1708 3485 huc
1762 3432 1986 3505 nuper
2029 3411 2296 3484 rediere
2349 3414 2660 3485 comitati
2703 3434 2862 3487 cum
2913 3412 3088 3499 suis;
3171 3416 3373 3493 Gan:-

970 3512 1295 3591 denfibus
1326 3510 1700 3592 videlicet,
1750 3504 2215 3601 Brugenfibus
2245 3530 2327 3579 ac
2383 3506 2809 3603 Iprenfibus‚
2857 3510 3369 3607 supplicatum,

967 3632 1055 3688 ut
1086 3613 1264 3682 hanc
1296 3605 1884 3681 contributionem
1917 3604 2170 3673 decimi
2205 3605 2467 3677 denarii
2513 3604 2582 3677 in
2629 3608 2832 3677 aliam
2863 3608 3156 3701 speciem
3189 3608 3372 3687 Dux

964 3716 1389 3784 convertere
1419 3750 1439 3787 ,
1476 3724 1569 3774 ac
1618 3698 1903 3771 salutem
1931 3698 2282 3791 publicam
2333 3701 2721 3773 imminenti
2769 3704 2986 3777 ruinae
3036 3706 3372 3797 praeferre

970 3807 1403 3899 dignaretur.
1498 3796 1647 3870 Sed
1718 3797 1837 3867 ille
1887 3814 2170 3877 contra,
2209 3796 2732 3872 :authoritatem
2753 3850 2784 3885 ,.
2822 3804 3376 3895 reputationem-

976 3924 1117 3999 que
1154 3900 1327 3992 legis
1354 3900 1423 3967 in
1462 3893 1848 3989 periculum
1879 3892 2012 3962 hac
2050 3912 2287 3962 eorum
2325 3890 2892 3984 tergiversatione
2925 3895 3222 3981 adduci,
3277 3916 3376 3971 at·

1030 4020 1113 4070 ue
1149 3997 1247 4069 ita
1304 3994 1464 4065 laedi
1518 3993 1653 4073 ait,
1702 4008 1781 4059 ut
1838 3987 1914 4058 id
1964 3988 2364 4083 neutiquam
2409 3987 2776 4061 ferendum
2833 3990 3144 4079 censeat,
3195 4015 3378 4090 prae-

1008 4096 1205 4167 ertim
1272 4088 1431 4161 cum
1493 4080 1869 4180 expressam
1925 4078 2146 4175 Regis
2201 4084 2636 4157 voluntatem
2691 4106 2775 4157 ae
2823 4086 3187 4183 jussionem
3209 4142 3232 4174 ‚
3283 4090 3376 4163 de

970 4186 1391 4287 exequendo
1426 4180 1700 4258 decimo
1732 4179 2022 4284 denario
2057 4180 2414 4278 acceperit
2429 4230 2461 4275 ,
2505 4178 2898 4281 saepiusque
2929 4186 3034 4261 eis
3067 4186 3370 4294 declara·-

3247 4298 3365 4355 nt.
