3700 4884
437 324 1100 500 ans-rom
1151 396 1332 493 AD
1389 390 1821 509 JOACH.
1851 362 2569 498 HOPPER‘UM.
2628 406 2801 527 689
2951 376 2963 383 “

355 605 546 679 state
584 606 677 679 de
709 598 1038 678 omnibus
1091 622 1278 698 pene
1323 596 1622 671 fortunis
1657 596 1730 669 in
1773 596 2064 679 dubium
2103 604 2418 675 venimus
2440 654 2463 690 ,
2512 606 2795 702 pericli-

345 708 746 798 tamurq‘ue
774 753 794 787 ,
842 694 966 769 nifi
1025 720 1155 771 nos
1210 692 1472 767 Deus
1502 695 1871 788 propitius
1912 693 2257 791 respiciat.
2354 699 2551 777 Bene
2584 708 2785 797 vale,
2914 730 2922 737 ·

341 794 430 873 H
456 821 506 872 o
527 820 572 872 ι·
598 820 642 871 ι’
664 822 706 874 ε
729 818 776 871 a
804 820 844 869 a
885 792 1040 867 CL.
1093 791 1459 915 Bruxellae.
1498 811 1596 863 lv.
1633 788 1844 885 Junii.
1900 810 2031 863 οπο
2090 812 2169 865 12
2222 812 2441 871 Lxxu.
2875 884 2893 897 .

609 962 2799 1137 EPlSTOLA-chx1L⁵1

344 1228 588 1321 Dux
648 1226 1001 1317 spIedinae
1067 1222 1262 1314 Coeli
1315 1228 1395 1311 in
1449 1220 1923 1314 Flandriam
1960 1225 2323 1341 appulit,
2384 1234 2589 1319 unde
2630 1241 2775 1321 mi-

313 1430 318 1437 ,
465 1342 759 1432 rabilis
785 1339 1074 1458 populi
1103 1339 1406 1425 laetitia.
1521 1335 1969 1449 Brielenses
1990 1398 2017 1441 ‚
2086 1338 2178 1429 V
2170 1342 2625 1459 lffngesgfhs
2652 1350 2767 1439 ξς»

460 1454 968 1569 Enfihusani
1003 1460 1084 1537 in
1130 1447 1559 1537 rebellione
1585 1450 2037 1564 persistunt.
2155 1452 2401 1543 Mons
2440 1456 2771 1548 Hanno-

455 1575 617 1655 niae
653 1598 704 1653 a
753 1554 1062 1657 Comite
1092 1562 1506 1653 Ludovico
1538 1562 1967 1676 custoditur
1976 1628 2007 1675 ,
2051 1594 2335 1683 magno
2383 1570 2623 1690 Reip.
2646 1574 2765 1687 69?

462 1682 874 1797 religionis
903 1678 1408 1766 detrimento,

333 1877 604 2046 CL.
657 1876 752 1953 D.
791 1874 1288 1961 Homnae,
1336 1876 1649 1949 hesterna
1693 1873 1806 1949 die
1847 1872 2163 1947 nuntium
2194 1874 2610 1976 Brugensem
2644 1902 2761 1955 ac·
2892 1932 2903 1944 .

547 1976 860 2069 cepimus
905 1974 996 2046 de
1035 1972 1328 2067 appulsu
1365 1970 1782 2045 lllustriffimi
1831 1968 2055 2044 Ducis
2092 1970 2517 2049 Medinenfis
2551 1981 2747 2069 apud

334 2066 614 2144 slusam
665 2068 1058 2152 Flandriae,
1123 2069 1239 2142 cui
1289 2066 1496 2145 fidem
1540 2068 1668 2139 vix
1723 2064 2105 2139 attribuere
2166 2072 2378 2144 nostri
2423 2073 2753 2162 voluere,

334 2162 551 2263 qubd
590 2163 844 2260 saepius
877 2182 1083 2237 antea
1117 2166 1391 2237 incerto
1433 2182 1710 2235 rumore
1744 2160 2027 2253 decepti
2076 2160 2373 2239 fuiss'ent.
2477 2164 2747 2239 Verum

333 2262 568 2337 hodie
620 2262 838 2335 literis
896 2256 1102 2357 ipfius
1149 2256 1370 2333 Ducis
1422 2278 1610 2331 nova
1651 2258 1808 2330 haec
1841 2253 2243 2331 confirmata
2276 2260 2513 2350 fuere,
2567 2262 2753 2339 unde
2887 2302 2895 2305 -

334 2359 660 2455 populus
699 2354 930 2431 noster
965 2356 1037 2427 in
1069 2356 1201 2429 hac
1234 2353 1592 2439 rebellium
1633 2352 2063 2448 hostiumque
2094 2354 2423 2433 adversus
2466 2382 2593 2433 nos
2611 2382 2755 2432 ma·

337 2453 790 2540 chinatione‚
852 2472 936 2525 ac
995 2452 1156 2531 belli
1207 2451 1517 2546 undique
1559 2468 1937 2545 apparatu,
2004 2450 2382 2526 mirabilem
2432 2458 2746 2531 laetitiam

339 2549 626 2645 accepit
650 2600 675 2634 ,
723 2548 1088 2643 speratque
1121 2546 1269 2643 ejus
1302 2547 1674 2642 pruderitia
1714 2544 2135 2619 moderanda
2166 2546 2330 2633 effe,
2386 2572 2544 2646 quae
2574 2574 2745 2646 pro.

391 2664 504 2717 ter
560 2648 842 2721 alterius
893 2644 1194 2739 rigorem
1227 2644 1495 2717 animos
1527 2640 1616 2715 ab
1649 2641 2027 2717 devotione
2062 2638 2281 2738 Regis
2314 2668 2744 2725 averterunt.

441 2762 632 2817 zum
678 2760 908 2815 autem
957 2761 1324 2835 rogamus,
1370 2761 1450 2814 ut
1484 2758 1657 2813 vota
1711 2739 1961 2834 populi
2013 2734 2385 2831 secundet,
2438 2740 2512 2815 δι’.
2559 2746 2747 2822 hanc

335 2838 814 2913 imminentem
847 2836 1324 2931 tempestatem
1355 2834 1394 2909 ὲ
1425 2834 1630 2909 nobis
1658 2856 1947 2909 avertat.
2001 2833 2379 2913 Brielenses
2400 2892 2423 2927 ,
2474 2838 2744 2914 Vliffin-

336 2932 626 3031 genseS,
660 2954 884 3028 ,atque
923 2930 1354 3005 Euschusani
1394 2932 1624 3005 adhuc
1658 2932 1732 3003 in
1767 2930 2148 3003 rebellione
2181 2931 2297 3007 sua
2334 2932 2742 3030 perfistunt,

236 3036 259 3044 “
333 3052 474 3105 nec
539 3026 816 3104 Oceani
861 3048 1131 3126 rantum
1181 3022 1416 3102 littora
1461 3027 1662 3100 nobis
1689 3024 1937 3099 infesta
1978 3026 2320 3117 reddunt,
2369 3028 2487 3119 sed
2526 3032 2741 3105 medi-

335 3128 640 3201 terranei
685 3126 886 3199 maris
951 3122 1116 3196 navi
1167 3124 1469 3195 ationem
1520 3142 1741 3197 totam
1793 3119 2185 3218 impediunt
2221 3148 2238 3193 ε
2292 3145 2371 3198 ut
2430 3148 2517 3197 ex
2557 3124 2739 3201 Hol-

334 3223 614 3305 landia,
665 3217 912 3298 Gelria
951 3240 1036 3291 ac
1135 3215 1288 3289 rista
1324 3220 1513 3291 nulla
1556 3219 1646 3291 ad
1684 3238 1812 3289 nos
1847 3218 2043 3287 navis
2080 3215 2313 3291 secure
2360 3224 2730 3314 pervenire

331 3316 586 3419 poffit,
637 3338 718 3388 ac
750 3336 875 3409 per
913 3310 1364 3387 Dordracum
1394 3315 1467 3385 in
1503 3310 1947 3387 Brabantiam
1980 3315 2210 3386 nullus
2244 3314 2496 3391 advehi
2528 3342 2737 3416 queat
2799 3380 2813 3387 -
2865 3356 2881 3363 -

331 3402 788 3487 commeat-us.
891 3406 1110 3483 Mons
1153 3407 1561 3483 Hannoniae
1591 3408 1678 3481 ab
1709 3406 1988 3480 Comite
2030 3407 2406 3488 Ludovico
2438 3414 2733 3514 diligen·
2780 3456 2805 3474 x

331 3530 448 3585 ter
500 3506 882 3582 custoditur
917 3558 940 3592 ,
1011 3500 1362 3597 nostrique
1415 3504 1459 3579 ὲ
1515 3504 1873 3579 contrario
1918 3504 2139 3580 aditus
2187 3506 2590 3597 observant,
2641 3540 2733 3589 ne

326 3608 573 3701 plures
630 3602 861 3677 hostes
900 3624 991 3675 eo
1033 3598 1388 3675 confluere
1427 3602 1696 3697 poffint.
1795 3600 2137 3698 Magnum
2167 3602 2488 3700 profesto
2522 3609 2735 3681 detri-

329 3722 646 3779 mentum
703 3700 778 3771 in
825 3698 973 3797 ejus
1013 3699 1200 3772 urbis
1254 3698 1594 3773 amiffione
1625 3694 1963 3787 fecimus,
2014 3700 2138 3794 qui
2174 3702 2455 3773 alteram
2484 3703 2609 3775 vix
2645 3702 2729 3777 fi·

331 3802 565 3872 milem
603 3798 936 3871 habemus
962 3847 987 3883 ,
1029 3797 1102 3867 in
1137 3817 1276 3891 qua
1308 3790 1630 3870 fiduciam
1667 3816 1749 3868 ac
1780 3790 2127 3888 refugium
2140 3794 2551 3869 constituere
2573 3800 2729 3894 pos-

325 3890 575 3979 fimuS,
643 3895 982 3991 quodque
1037 3890 1398 3967 lamentari
1450 3894 1700 3966 merito
1756 3890 2090 3963 debemus
2147 3914 2166 3961 ε
2220 3888 2379 3967 curn
2422 3898 2733 3989 populus

323 4012 364 4061 e
390 4014 474 4064 us
526 3986 718 4062 urbis
773 3992 994 4083 magis
1048 3989 1316 4062 caeteris
1367 3986 1455 4059 ab
1513 3988 1706 4059 omni
1737 4006 1973 4062 errore
2002 3982 2078 4057 δι
2109 3985 2345 4060 haerefi
2396 3988 2728 4072 hafilenus

322 4108 366 4159 a
415 4087 768 4157 horruerit
789 4138 812 4171 ,
863 4109 1051 4160 nunc
1104 4086 1306 4158 novis
1365 4080 1660 4157 immiffis
1717 4078 2419 4181 pseudoevangelistis
2480 4088 2555 4163 in
2608 4094 2733 4169 da-

320 4199 554 4263 mnata
572 4178 897 4279 dogmata
925 4182 1396 4282 protrahatur.

1412 4274 1573 4357 Sss
1625 4294 1720 4374 ⁸3
2557 4280 2745 4359 Dux
