3700 4884
894 352 1117 468 780.
1170 270 1645 439 victu
1700 362 1837 432 Aa
1895 332 2413 433 AYTTA
2483 252 3234 433 zmcHizm

903 607 922 615 ,
948 542 1037 617 ab
1086 542 1307 614 altero
1354 537 1771 633 dependere.
1873 534 2192 609 Salutavi
2239 536 2320 611 &
2361 556 2497 632 ego
2531 537 2854 613 eumdem
2876 586 2902 623 ,
2950 537 3024 609 in
3075 534 3372 609 Curiam

947 634 1495 732 transportatus,
1542 631 1703 707 cum
1738 632 2034 729 pedibus
2089 628 2390 706 insistere
2447 655 2592 705 non
2626 624 2806 709 ‘satis
2847 656 3138 729 queam,
3189 652 3366 727 ope·

950 730 1241 827 tamque
1266 752 1487 804 meam
1519 730 1785 813 obtuli,
1836 748 2086 825 quaten
2097 752 2176 801 us
2199 731 2386 801 vires
2414 727 2892 824 permiserint,
2991 751 3120 805 uas
3149 730 3366 803 vehe-

949 850 1225 905 menter
1266 827 1519 915 doleo,
1586 820 1965 901 ministerio
2011 830 2156 921 ejus
2203 821 2600 899 satisfacere
2647 849 2793 901 non
2823 845 2922 919 po
2976 850 3058 915 e,
3111 824 3235 897 sed
3273 846 3418 896 ta·-

948 949 1110 1000 men
1138 980 1157 1009 ,
1202 922 1486 1019 quando
1528 922 1831 1017 requiret
1852 971 1877 1008 ,
1929 920 2017 995 ad
2065 940 2220 996 eum
2273 944 2384 1002 me
2427 921 2690 996 deferri
2728 924 3034 1007 curabo,
3083 916 3370 1017 praesta·

946 1022 1186 1119 boque
1220 1041 1377 1116 quae
1414 1038 1689 1113 potero.
1788 1016 1934 1091 Sed
1969 1016 2451 1114 adjutoribus,
2500 1040 2580 1094 ut
2619 1038 2823 1095 antea
2857 1015 3038 1115 saepe
3073 1012 3320 1112 scripfi
3341 1068 3369 1104 ‚

948 1122 1105 1193 aliis
1150 1118 1358 1191 etiam
1407 1136 1587 1211 opus
1634 1112 1956 1203 habebit,
2006 1136 2136 1187 nec
2183 1136 2413 1189 tamen
2455 1112 2598 1189 scio
2651 1137 2740 1187 an
2779 1115 3156 1188 conveniat
3201 1116 3368 1187 illos

947 1212 1302 1303 adhiberi,
1336 1213 1461 1306 qui
1492 1236 1579 1287 ex
1605 1210 1833 1289 schola
1859 1210 2247 1305 procedent
2267 1207 2663 1305 Vargiana,
2712 1212 2838 1304 qui
2865 1209 3134 1285 idcirco
3291 1211 3368 1282 vi

948 1311 1204 1408 populi
1248 1308 1415 1382 odio
1458 1306 1801 1382 laborant.
1897 1303 2019 1378 De
2067 1308 2314 1401 quibus
2344 1310 2515 1381 mihi
2551 1306 2710 1379 Rex
2749 1303 3098 1401 sapienter
3175 1304 3366 1377 actu·

946 1430 1083 1481 rus,
1120 1406 1437 1489 videtur,
1504 1400 1551 1475 fi
1600 1404 1773 1479 nihil
1824 1401 2119 1490 statuat,
2189 1403 2420 1477 donec
2481 1402 2738 1502 illustri
2781 1401 3368 1489 Commendatori

948 1502 1196 1577 melius
1234 1501 1503 1595 cogniti
1531 1501 1619 1575 ab
1653 1500 1900 1574 eodem
1959 1499 2370 1594 probentur.
3265 1523 3273 1529 ·

1050 1596 1317 1674 Curavi
1344 1597 1711 1689 aliquoties
1750 1595 2030 1671 Ducem
2060 1595 2489 1694 interpellati
2525 1594 2736 1692 super
2771 1594 3098 1671 mandato
3119 1593 3360 1693 Regio

949 1698 1041 1771 de
1081 1696 1303 1769 tribus
1338 1692 1769 1769 Officialibus
1803 1690 2096 1767 Ordinis
2117 1692 2494 1777 .creandis;
2543 1716 2626 1769 ac
2673 1690 2882 1803 super
2925 1696 3152 1768 altero
3199 1694 3366 1765 arti·

948 1793 1115 1869 culo
1159 1788 1246 1865 de
1280 1785 1596 1885 proceffu
1624 1790 1916 1863 honoris
1943 1784 2365 1861 instituendo
2391 1839 2413 1872 ,
2463 1791 2821 1863 mandant
2841 1838 2863 1875 ,
2911 1809 2990 1861 ut
3017 1812 3176 1863 cum
3197 1788 3358 1861 Do-

954 1886 1150 1962 &ore
1192 1884 1485 1981 'Delryo
1532 1882 1973 1972 conferrem,
2022 1884 2217 1980 quod
2257 1880 2588 1959 haetenus
2634 1882 2919 1959 adversa
2971 1885 3118 1981 ejus
3165 1889 3361 1960 vale-

950 1986 1132 2059 tudo
1172 2008 1314 2060 non
1352 1978 1677 2081 permifit.
2616 2000 2625 2005 ·

1012 2092 1017 2099 ’
1050 2078 1164 2156 De
1196 2080 1541 2155 Molinaeo
1564 2078 1709 2175 jam
1747 2076 1920 2175 quid
1951 2073 2106 2150 fieri
2133 2076 2509 2153 conveniat
2555 2076 2628 2149 iu
2669 2072 2984 2153 Consilio
3017 2077 3362 2153 delibera-

956 2194 1109 2251 tum
1159 2176 1259 2255 est
1278 2230 1301 2267 ,
1350 2174 1471 2253 sed
1514 2171 1922 2271 expectatur
1973 2170 2280 2259 occasio,
2329 2194 2410 2249 ut
2453 2170 2782 2247 resolutio
2813 2174 3174 2269 utriusque
3207 2170 3365 2247 Gu-

956 2274 1349 2367 bernatoris
1394 2272 1815 2347 authoritate
1869 2272 2386 2365 comprobetur.
2483 2263 2903 2367 jampridem
2957 2290 3189 2344 autem
3243 2273 3363 2347 hic

954 2369 1383 2454 audivimus,
1445 2368 1519 2441 in
1574 2366 1986 2462 Hispaniam
2018 2388 2178 2439 eum
2223 2368 2359 2439 iter
2407 2364 2708 2452 habere,
2756 2368 2876 2442 ubi
2909 2364 3172 2441 Romae
3207 2364 3362 2442 fun·

954 2469 1273 2543 (lamenta
1306 2464 1594 2563 jecerit,
1646 2465 1771 2559 qui
1810 2462 2012 2536 isthic
2051 2481 2174 2535 tuo
2226 2458 2468 2541 favore
2517 2463 2938 2538 exaedificari
2983 2462 3181 2559 poffe
3219 2488 3363 2539 non

956 2559 1249 2635 diffidit:
1299 2584 1410 2635 me
1454 2560 1729 2635 interim
1759 2557 2082 2635 accusans
2120 2560 2316 2632 velut
2349 2556 2562 2653 i'pfius
2592 2583 2702 2640 ex.
2716 2557 3026 2657 pmfeffo
3053 2558 3359 2650 hostem.

1006 2658 1103 2755 uo
1132 2652 1518 2752 suspectum
1546 2654 1633 2728 ab
1662 2652 2051 2750 hujusmodi
2089 2655 2354 2748 negotii
2371 2678 2457 2729 co
2509 2649 3162 2742 uitionesemovere
3207 2656 3366 2754 pos-

954 2682 1043 2827 fit
1166 2750 1328 2826 cum
1383 2776 1515 2847 ego
1567 2750 1811 2849 (quod
1857 2752 1930 2822 in
1974 2750 2270 2823 veritate
2321 2773 2456 2823 con
2485 2751 2757 2823 cientiae
2803 2774 2978 2825 meae
3017 2750 3361 2827 affirmare

954 2798 1241 2945 poffim)
1294 2871 1647 2943 nunquam
1680 2848 2032 2921 inimicum
2063 2869 2228 2942 erga
2265 2868 2426 2919 eum
2458 2850 2760 2919 animum
2795 2847 3202 2937 habuerim,
3249 2847 3368 2925 sed

960 2949 1028 3022 ei
1060 2942 1333 3041 semper
1374 2946 1725 3020 meliorem
1770 2963 2068 3017 mentem
2103 2992 2127 3026 ,
2192 2940 2592 3039 sanioraque
2634 2940 2921 3019 confilia
2966 2966 3364 3041 compreca-

957 3062 1073 3117 tus
1128 3040 1397 3115 fuerim.
1496 3038 1719 3129 Quod
1778 3040 1853 3114 &
1902 3037 2092 3133 apud
2145 3058 2216 3115 te
2267 3041 2432 3113 olim
2485 3038 2907 3114 contestatus
2967 3040 3149 3127 sum,
3197 3041 3362 3117 cum

959 3138 1251 3213 subdole
1300 3136 1365 3213 se
1416 3138 1589 3210 mihi
1618 3136 2052 3212 reconciliari
2087 3136 2265 3209 velle
2309 3134 2736 3219 ostenderet,
2787 3138 3112 3232 clareque
3144 3140 3220 3213 ei
3247 3136 3362 3213 sae·

955 3256 1052 3330 pe
1100 3232 1562 3327 responderim
1594 3282 1617 3319 ‚
1672 3256 1780 3305 me
1823 3254 2051 3325 neque
2095 3230 2528 3305 inimicitiam
2569 3230 2870 3326 aliquam
2915 3252 3164 3307 contra
3205 3258 3364 3308 eum

963 3326 1361 3421 concepisse
1392 3380 1422 3425 ,
1475 3322 1864 3412 sed-'rursus
1913 3328 2087 3399 levis
2140 3328 2530 3421 ingratique
2581 3318 2886 3403 hom‘inis
2935 3328 3354 3429 familiariq-

961 3445 1104 3499 tem
1146 3444 1257 3497 me
1300 3423 1615 3499 aversari.
1718 3422 1815 3497 Et
1869 3444 2057 3496 certe
2097 3420 2220 3497 nist
2265 3419 2655 3519 hujusmodi
2705 3446 2998 3499 conatus
3047 3423 3365 3521 suprema

962 3522 1385 3597 authoritate
1438 3521 1952 3615 reprimantur,
2015 3539 2158 3593 non
2205 3515 2363 3593 satis
2414 3520 2714 3594 liberum
2764 3522 2895 3595 erit
2939 3521 3144 3599 bonis
3161 3522 3364 3599 airis

958 3614 1191 3713 Regia
1240 3617 1561 3691 mandata
1603 3618 1874 3710 exequi.

1059 3714 1176 3791 De
1220 3710 1463 3793 favore
1508 3711 1597 3789 D.
1636 3710 2097 3809 Tyrenachiae
2148 3712 2456 3823 impenso
2487 3733 2894 3811 permagnas
2947 3712 3042 3789 D.
3083 3714 3176 3789 T.
3213 3739 3364 3812 gra-

960 3812 1089 3883 tias
1128 3832 1263 3909 ago
1284 3864 1307 3899 ,
1357 3810 1964 3905 Courtewilliique
2013 3810 2295 3887 viduam
2337 3832 2420 3887 ac
2457 3813 2898 3893 memoriam.
2949 3808 3044 3887 D.
3095 3808 3192 3887 T.
3241 3814 3365 3887 ite·

964 3928 1121 3977 rum
1166 3926 1375 4001 atque
1410 3908 1661 3981 iterum
1704 3906 2121 3997 commendo
2143 3961 2162 3993 ‚
2203 3904 2362 3981 cum
2390 3904 2824 3999 exploratam
2854 3908 3222 3982 habuerim
3253 3910 3378 3984 de*

956 3998 1182 4075 funeri
1258 4000 1464 4075 fidem
1498 4055 1522 4079 .
1590 4004 1990 4080 industriam
2023 4059 2046 4092 ,
2109 4026 2320 4099 atque
2369 4002 2841 4097 diligentiam,
2906 4004 3369 4100 excidisseque

958 4097 1269 4171 eundem·
1300 4100 1489 4171 omni
1514 4097 1755 4174 favore
1788 4101 1977 4196 apud
2015 4123 2171 4173 eum
2196 4152 2220 4189 ,
2267 4124 2479 4199 quem
2527 4100 2701 4175 nosti
2725 4152 2751 4188 ,Α
2795 4102 2890 4175 ob
2915 4102 2998 4175 id
3047 4098 3362 4187 forsitan,

954 4187 1169 4293 quod.
1200 4214 1345 4300 non
1386 4216 1627 4293 omnes
1662 4200 1811 4293 ejus
1848 4196 2249 4275 voluntates
2288 4192 2734 4296 afflonesque
2765 4199 3200 4368 probaret.M
3263 4290 3300 4389 J

1588 4354 1593 4357 .
3155 4322 3164 4335 ι
3197 4348 3214 4366 .
3303 4314 3366 4369 a·
