<?xml version="1.0" encoding="UTF-8"?>
<!DOCTYPE html PUBLIC "-//W3C//DTD XHTML 1.0 Transitional//EN"
    "http://www.w3.org/TR/xhtml1/DTD/xhtml1-transitional.dtd">
<html xmlns="http://www.w3.org/1999/xhtml" xml:lang="en" lang="en">
 <head>
  <title>
</title>
<meta http-equiv="Content-Type" content="text/html;charset=utf-8" />
  <meta name='ocr-system' content='tesseract 3.04.00' />
  <meta name='ocr-capabilities' content='ocr_page ocr_carea ocr_par ocr_line ocrx_word'/>
</head>
<body>
  <div class='ocr_page' id='page_1' title='image "./vitavigliiabayt00unkngoog_0458.png"; bbox 0 0 3700 4884; ppageno 0'>
   <div class='ocr_carea' id='block_1_1' title="bbox 387 394 2733 740">
    <p class='ocr_par' dir='ltr' id='par_1_1' title="bbox 387 394 2733 740">
     <span class='ocr_line' id='line_1_1' title="bbox 387 394 2733 520; baseline -0.006 -16"><span class='ocrx_word' id='word_1_1' title='bbox 387 399 1032 504; x_wconf 73' lang='lat' dir='ltr'><strong>EmSTOLAE</strong></span> <span class='ocrx_word' id='word_1_2' title='bbox 1082 395 1261 498; x_wconf 82' lang='lat' dir='ltr'>AD</span> <span class='ocrx_word' id='word_1_3' title='bbox 1314 394 1746 512; x_wconf 84' lang='lat' dir='ltr'><strong>JOACH.</strong></span> <span class='ocrx_word' id='word_1_4' title='bbox 1801 394 2524 498; x_wconf 83' lang='lat' dir='ltr'><strong>HOPPERUM.</strong></span> <span class='ocrx_word' id='word_1_5' title='bbox 2563 409 2733 520; x_wconf 77' lang='lat'>785</span> 
     </span>
     <span class='ocr_line' id='line_1_2' title="bbox 632 623 2443 740; baseline -0.004 -14"><span class='ocrx_word' id='word_1_6' title='bbox 632 623 1646 725; x_wconf 80' lang='lat' dir='ltr'><strong>EPISTOLA</strong></span> <span class='ocrx_word' id='word_1_7' title='bbox 1805 625 2443 740; x_wconf 70' lang='lat' dir='ltr'>ccxix.</span> 
     </span>
    </p>
   </div>
   <div class='ocr_carea' id='block_1_2' title="bbox 333 853 2731 1312">
    <p class='ocr_par' dir='ltr' id='par_1_2' title="bbox 333 853 2731 1205">
     <span class='ocr_line' id='line_1_3' title="bbox 333 853 2729 1062; baseline -0.002 -114"><span class='ocrx_word' id='word_1_8' title='bbox 333 854 550 980; x_wconf 84' lang='lat' dir='ltr'>Dux</span> <span class='ocrx_word' id='word_1_9' title='bbox 587 858 957 947; x_wconf 83' lang='lat' dir='ltr'><em>Albanus</em></span> <span class='ocrx_word' id='word_1_10' title='bbox 973 853 1382 1062; x_wconf 45' lang='lat' dir='ltr'><em>,lssjusque</em></span> <span class='ocrx_word' id='word_1_11' title='bbox 1393 857 1628 971; x_wconf 79' lang='lat' dir='ltr'><em>filius</em></span> <span class='ocrx_word' id='word_1_12' title='bbox 1648 913 1675 961; x_wconf 82' lang='lat'><strong><em>,</em></strong></span> <span class='ocrx_word' id='word_1_13' title='bbox 1735 853 1849 948; x_wconf 64' lang='lat'>6³⁹</span> <span class='ocrx_word' id='word_1_14' title='bbox 1904 855 2400 944; x_wconf 77' lang='lat' dir='ltr'>Secretarius</span> <span class='ocrx_word' id='word_1_15' title='bbox 2433 855 2729 944; x_wconf 83' lang='lat' dir='ltr'>Alber-</span> 
     </span>
     <span class='ocr_line' id='line_1_4' title="bbox 352 965 2731 1085; baseline 0 -27"><span class='ocrx_word' id='word_1_16' title='bbox 352 1025 365 1034; x_wconf 91' lang='lat'><strong>·</strong></span> <span class='ocrx_word' id='word_1_17' title='bbox 443 979 701 1060; x_wconf 86' lang='lat' dir='ltr'><em>notius</em></span> <span class='ocrx_word' id='word_1_18' title='bbox 741 1031 768 1076; x_wconf 86' lang='lat'>‚</span> <span class='ocrx_word' id='word_1_19' title='bbox 841 1001 936 1059; x_wconf 86' lang='lat' dir='ltr'>ac</span> <span class='ocrx_word' id='word_1_20' title='bbox 1082 998 1186 1058; x_wconf 82' lang='lat' dir='ltr'>ar</span> <span class='ocrx_word' id='word_1_21' title='bbox 1237 1001 1324 1058; x_wconf 84' lang='lat' dir='ltr'>as</span> <span class='ocrx_word' id='word_1_22' title='bbox 1347 1035 1376 1077; x_wconf 91' lang='lat'><strong><em>,</em></strong></span> <span class='ocrx_word' id='word_1_23' title='bbox 1451 998 1608 1085; x_wconf 84' lang='lat' dir='ltr'>quo</span> <span class='ocrx_word' id='word_1_24' title='bbox 1665 973 1792 1057; x_wconf 79' lang='lat' dir='ltr'>die</span> <span class='ocrx_word' id='word_1_25' title='bbox 1851 965 2220 1058; x_wconf 83' lang='lat' dir='ltr'>abierint.</span> <span class='ocrx_word' id='word_1_26' title='bbox 2337 967 2731 1058; x_wconf 76' lang='lat' dir='ltr'>Alberno-</span> 
     </span>
     <span class='ocr_line' id='line_1_5' title="bbox 355 999 2731 1205; baseline -0.001 -33"><span class='ocrx_word' id='word_1_27' title='bbox 355 1136 364 1150; x_wconf 91' lang='lat'><strong>·</strong></span> <span class='ocrx_word' id='word_1_28' title='bbox 446 1091 611 1174; x_wconf 73' lang='lat' dir='ltr'><em>tius</em></span> <span class='ocrx_word' id='word_1_29' title='bbox 657 1085 1080 1205; x_wconf 77' lang='lat' dir='ltr'><em>insalutato</em></span> <span class='ocrx_word' id='word_1_30' title='bbox 1123 999 1392 1199; x_wconf 62' lang='lat' dir='ltr'><em>Isgiglio</em></span> <span class='ocrx_word' id='word_1_31' title='bbox 1407 1141 1439 1190; x_wconf 86' lang='lat'>‚</span> <span class='ocrx_word' id='word_1_32' title='bbox 1497 1079 1614 1176; x_wconf 69' lang='lat' dir='ltr'>C?</span> <span class='ocrx_word' id='word_1_33' title='bbox 1652 1079 2039 1198; x_wconf 78' lang='lat' dir='ltr'>Hopperl</span> <span class='ocrx_word' id='word_1_34' title='bbox 2070 1090 2373 1198; x_wconf 74' lang='lat' dir='ltr'>negotio</span> <span class='ocrx_word' id='word_1_35' title='bbox 2479 1089 2731 1170; x_wconf 66' lang='lat' dir='ltr'>econi-</span> 
     </span>
    </p>

    <p class='ocr_par' dir='ltr' id='par_1_3' title="bbox 445 1191 2729 1312">
     <span class='ocr_line' id='line_1_6' title="bbox 445 1191 2729 1312; baseline -0.001 -28"><span class='ocrx_word' id='word_1_36' title='bbox 445 1205 624 1286; x_wconf 88' lang='lat' dir='ltr'>ario</span> <span class='ocrx_word' id='word_1_37' title='bbox 661 1195 936 1309; x_wconf 63' lang='lat' dir='ltr'><em>inficio</em></span> <span class='ocrx_word' id='word_1_38' title='bbox 957 1257 984 1301; x_wconf 89' lang='lat'><strong>,</strong></span> <span class='ocrx_word' id='word_1_39' title='bbox 1041 1193 1394 1312; x_wconf 77' lang='lat' dir='ltr'>difiefflt,</span> <span class='ocrx_word' id='word_1_40' title='bbox 1451 1217 1756 1283; x_wconf 83' lang='lat' dir='ltr'>contra·</span> <span class='ocrx_word' id='word_1_41' title='bbox 1771 1199 2041 1309; x_wconf 84' lang='lat' dir='ltr'><em>promi</em></span> <span class='ocrx_word' id='word_1_42' title='bbox 2100 1224 2261 1283; x_wconf 83' lang='lat' dir='ltr'>um.</span> <span class='ocrx_word' id='word_1_43' title='bbox 2433 1191 2729 1310; x_wconf 68' lang='lat' dir='ltr'>nspecto</span> 
     </span>
    </p>
   </div>
   <div class='ocr_carea' id='block_1_3' title="bbox 450 1307 2898 1424">
    <p class='ocr_par' dir='ltr' id='par_1_4' title="bbox 450 1307 2898 1424">
     <span class='ocr_line' id='line_1_7' title="bbox 450 1307 2898 1424; baseline -0.001 -27"><span class='ocrx_word' id='word_1_44' title='bbox 450 1339 730 1398; x_wconf 78' lang='lat' dir='ltr'>rerum</span> <span class='ocrx_word' id='word_1_45' title='bbox 777 1311 1001 1422; x_wconf 80' lang='lat' dir='ltr'><em>statu</em></span> <span class='ocrx_word' id='word_1_46' title='bbox 1023 1371 1048 1411; x_wconf 92' lang='lat'>‚</span> <span class='ocrx_word' id='word_1_47' title='bbox 1119 1339 1272 1396; x_wconf 87' lang='lat' dir='ltr'>non</span> <span class='ocrx_word' id='word_1_48' title='bbox 1323 1308 1514 1424; x_wconf 82' lang='lat' dir='ltr'><em>plus</em></span> <span class='ocrx_word' id='word_1_49' title='bbox 1584 1307 1975 1423; x_wconf 82' lang='lat' dir='ltr'>Hoppero</span> <span class='ocrx_word' id='word_1_50' title='bbox 2009 1307 2509 1423; x_wconf 83' lang='lat' dir='ltr'>sperandum</span> <span class='ocrx_word' id='word_1_51' title='bbox 2568 1313 2732 1397; x_wconf 74' lang='lat' dir='ltr'>erit</span> <span class='ocrx_word' id='word_1_52' title='bbox 2891 1310 2898 1315; x_wconf 78' lang='grc'>’</span> 
     </span>
    </p>
   </div>
   <div class='ocr_carea' id='block_1_4' title="bbox 359 1417 2811 2072">
    <p class='ocr_par' dir='ltr' id='par_1_5' title="bbox 359 1417 2811 2072">
     <span class='ocr_line' id='line_1_8' title="bbox 433 1417 2811 1537; baseline -0.002 -27"><span class='ocrx_word' id='word_1_53' title='bbox 433 1417 596 1537; x_wconf 84' lang='lat' dir='ltr'>sub</span> <span class='ocrx_word' id='word_1_54' title='bbox 623 1452 824 1510; x_wconf 84' lang='lat' dir='ltr'><em>novo</em></span> <span class='ocrx_word' id='word_1_55' title='bbox 880 1417 1439 1512; x_wconf 81' lang='lat' dir='ltr'>Gubernatore</span> <span class='ocrx_word' id='word_1_56' title='bbox 1458 1484 1486 1527; x_wconf 92' lang='lat'><strong><em>,</em></strong></span> <span class='ocrx_word' id='word_1_57' title='bbox 1543 1420 1635 1510; x_wconf 85' lang='lat' dir='ltr'>ob</span> <span class='ocrx_word' id='word_1_58' title='bbox 1661 1450 1765 1508; x_wconf 78' lang='lat' dir='ltr'>ees</span> <span class='ocrx_word' id='word_1_59' title='bbox 1817 1421 2169 1508; x_wconf 84' lang='lat' dir='ltr'><em>alienum</em></span> <span class='ocrx_word' id='word_1_60' title='bbox 2184 1483 2211 1526; x_wconf 90' lang='lat'>,</span> <span class='ocrx_word' id='word_1_61' title='bbox 2264 1419 2527 1510; x_wconf 82' lang='lat' dir='ltr'>debita</span> <span class='ocrx_word' id='word_1_62' title='bbox 2587 1449 2729 1528; x_wconf 84' lang='lat' dir='ltr'>ue,</span> <span class='ocrx_word' id='word_1_63' title='bbox 2804 1467 2811 1478; x_wconf 93' lang='lat'><strong>·</strong></span> 
     </span>
     <span class='ocr_line' id='line_1_9' title="bbox 439 1531 2724 1651; baseline 0 -30"><span class='ocrx_word' id='word_1_64' title='bbox 439 1557 591 1651; x_wconf 83' lang='lat' dir='ltr'>pro</span> <span class='ocrx_word' id='word_1_65' title='bbox 667 1534 950 1650; x_wconf 84' lang='lat' dir='ltr'><em>quibus</em></span> <span class='ocrx_word' id='word_1_66' title='bbox 1004 1563 1108 1621; x_wconf 87' lang='lat' dir='ltr'>ex</span> <span class='ocrx_word' id='word_1_67' title='bbox 1145 1533 1496 1624; x_wconf 81' lang='lat' dir='ltr'>olvendis</span> <span class='ocrx_word' id='word_1_68' title='bbox 1560 1565 1612 1620; x_wconf 88' lang='lat' dir='ltr'><em>a</em></span> <span class='ocrx_word' id='word_1_69' title='bbox 1647 1533 1850 1646; x_wconf 84' lang='lat' dir='ltr'><em>solis</em></span> <span class='ocrx_word' id='word_1_70' title='bbox 1905 1531 2257 1621; x_wconf 77' lang='lat' dir='ltr'><em>Statibus</em></span> <span class='ocrx_word' id='word_1_71' title='bbox 2284 1531 2507 1648; x_wconf 64' lang='lat' dir='ltr'>stiffi</span> <span class='ocrx_word' id='word_1_72' title='bbox 2555 1542 2724 1622; x_wconf 87' lang='lat' dir='ltr'>ium</span> 
     </span>
     <span class='ocr_line' id='line_1_10' title="bbox 365 1645 2726 1764; baseline -0.001 -30"><span class='ocrx_word' id='word_1_73' title='bbox 365 1713 373 1720; x_wconf 85' lang='lat'><em>-</em></span> <span class='ocrx_word' id='word_1_74' title='bbox 445 1661 954 1764; x_wconf 67' lang='lat' dir='ltr'>expectatur:</span> <span class='ocrx_word' id='word_1_75' title='bbox 1011 1679 1062 1732; x_wconf 91' lang='lat' dir='ltr'><em>a</em></span> <span class='ocrx_word' id='word_1_76' title='bbox 1115 1648 1298 1736; x_wconf 82' lang='lat' dir='ltr'><em>olito</em></span> <span class='ocrx_word' id='word_1_77' title='bbox 1331 1670 1600 1736; x_wconf 82' lang='lat' dir='ltr'>tamen</span> <span class='ocrx_word' id='word_1_78' title='bbox 1627 1654 1873 1762; x_wconf 84' lang='lat' dir='ltr'><em>prius</em></span> <span class='ocrx_word' id='word_1_79' title='bbox 1907 1679 1992 1736; x_wconf 90' lang='lat' dir='ltr'>x.</span> <span class='ocrx_word' id='word_1_80' title='bbox 2050 1649 2227 1734; x_wconf 84' lang='lat' dir='ltr'>den.</span> <span class='ocrx_word' id='word_1_81' title='bbox 2325 1645 2419 1734; x_wconf 93' lang='lat' dir='ltr'><em>V</em></span> <span class='ocrx_word' id='word_1_82' title='bbox 2407 1666 2726 1753; x_wconf 82' lang='lat' dir='ltr'>eretur,</span> 
     </span>
     <span class='ocr_line' id='line_1_11' title="bbox 359 1757 2729 1876; baseline -0.002 -25"><span class='ocrx_word' id='word_1_83' title='bbox 359 1781 370 1816; x_wconf 78' lang='lat'><em>⁸</em></span> <span class='ocrx_word' id='word_1_84' title='bbox 455 1761 1183 1851; x_wconf 84' lang='lat' dir='ltr'>Commendatorem</span> <span class='ocrx_word' id='word_1_85' title='bbox 1257 1758 1562 1848; x_wconf 83' lang='lat' dir='ltr'><em>Albani</em></span> <span class='ocrx_word' id='word_1_86' title='bbox 1634 1786 1947 1876; x_wconf 83' lang='lat' dir='ltr'>quoque</span> <span class='ocrx_word' id='word_1_87' title='bbox 2030 1759 2357 1876; x_wconf 72' lang='lat' dir='ltr'>‘vestigia</span> <span class='ocrx_word' id='word_1_88' title='bbox 2432 1757 2729 1874; x_wconf 74' lang='lat' dir='ltr'>preffu-</span> 
     </span>
     <span class='ocr_line' id='line_1_12' title="bbox 359 1869 2730 2072; baseline 0 -112"><span class='ocrx_word' id='word_1_89' title='bbox 359 1885 366 1892; x_wconf 82' lang='lat'>&#39;</span> <span class='ocrx_word' id='word_1_90' title='bbox 448 1901 639 1961; x_wconf 84' lang='lat' dir='ltr'>rum</span> <span class='ocrx_word' id='word_1_91' title='bbox 661 1938 691 1982; x_wconf 85' lang='lat'><strong><em>,</em></strong></span> <span class='ocrx_word' id='word_1_92' title='bbox 745 1877 960 2072; x_wconf 57' lang='lat' dir='ltr'>quad</span> <span class='ocrx_word' id='word_1_93' title='bbox 1000 1873 1164 1962; x_wconf 82' lang='lat' dir='ltr'>Con</span> <span class='ocrx_word' id='word_1_94' title='bbox 1197 1875 1426 1960; x_wconf 77' lang='lat' dir='ltr'><em>ilium</em></span> <span class='ocrx_word' id='word_1_95' title='bbox 1477 1871 1945 1960; x_wconf 82' lang='lat' dir='ltr'>Turbarum</span> <span class='ocrx_word' id='word_1_96' title='bbox 1999 1881 2433 1959; x_wconf 82' lang='lat' dir='ltr'><em>etiamnum</em></span> <span class='ocrx_word' id='word_1_97' title='bbox 2479 1869 2730 1986; x_wconf 77' lang='lat' dir='ltr'><em>subsi-</em></span> 
     </span>
    </p>
   </div>
   <div class='ocr_carea' id='block_1_5' title="bbox 361 1981 2731 2101">
    <p class='ocr_par' dir='ltr' id='par_1_6' title="bbox 361 1981 2731 2101">
     <span class='ocr_line' id='line_1_13' title="bbox 361 1981 2731 2101; baseline 0 -31"><span class='ocrx_word' id='word_1_98' title='bbox 361 1993 378 2010; x_wconf 82' lang='lat'><em>⁰</em></span> <span class='ocrx_word' id='word_1_99' title='bbox 429 1985 600 2098; x_wconf 79' lang='lat' dir='ltr'>stat</span> <span class='ocrx_word' id='word_1_100' title='bbox 617 2049 644 2092; x_wconf 89' lang='lat'>,</span> <span class='ocrx_word' id='word_1_101' title='bbox 699 2016 750 2071; x_wconf 91' lang='lat' dir='ltr'><em>a</em></span> <span class='ocrx_word' id='word_1_102' title='bbox 782 1986 1048 2101; x_wconf 85' lang='lat' dir='ltr'><em>iasque</em></span> <span class='ocrx_word' id='word_1_103' title='bbox 1086 2014 1126 2070; x_wconf 93' lang='lat'><strong><em>0</em></strong></span> <span class='ocrx_word' id='word_1_104' title='bbox 1225 1983 1518 2098; x_wconf 83' lang='lat' dir='ltr'><em>causas.</em></span> <span class='ocrx_word' id='word_1_105' title='bbox 1631 1981 1822 2100; x_wconf 74' lang='lat' dir='ltr'>Ipfh</span> <span class='ocrx_word' id='word_1_106' title='bbox 1890 1983 2349 2074; x_wconf 83' lang='lat' dir='ltr'>valetudine</span> <span class='ocrx_word' id='word_1_107' title='bbox 2408 1988 2731 2098; x_wconf 83' lang='lat' dir='ltr'>impedi-</span> 
     </span>
    </p>
   </div>
   <div class='ocr_carea' id='block_1_6' title="bbox 363 2095 2767 3001">
    <p class='ocr_par' dir='ltr' id='par_1_7' title="bbox 363 2095 2767 3001">
     <span class='ocr_line' id='line_1_14' title="bbox 363 2095 2732 2212; baseline 0.001 -31"><span class='ocrx_word' id='word_1_108' title='bbox 363 2173 373 2181; x_wconf 91' lang='lat'><strong>.</strong></span> <span class='ocrx_word' id='word_1_109' title='bbox 451 2117 582 2189; x_wconf 75' lang='lat' dir='ltr'>tus</span> <span class='ocrx_word' id='word_1_110' title='bbox 597 2161 624 2202; x_wconf 88' lang='lat'>‚</span> <span class='ocrx_word' id='word_1_111' title='bbox 679 2127 856 2184; x_wconf 82' lang='lat' dir='ltr'>cum</span> <span class='ocrx_word' id='word_1_112' title='bbox 903 2099 1553 2189; x_wconf 83' lang='lat' dir='ltr'>Commendatore</span> <span class='ocrx_word' id='word_1_113' title='bbox 1583 2105 1855 2183; x_wconf 79' lang='lat' dir='ltr'>rarius</span> <span class='ocrx_word' id='word_1_114' title='bbox 1894 2125 2129 2212; x_wconf 81' lang='lat' dir='ltr'>agere</span> <span class='ocrx_word' id='word_1_115' title='bbox 2144 2095 2417 2210; x_wconf 68' lang='lat' dir='ltr'>potest.</span> <span class='ocrx_word' id='word_1_116' title='bbox 2532 2097 2732 2201; x_wconf 76' lang='lat' dir='ltr'><em>Ait,</em></span> 
     </span>
     <span class='ocr_line' id='line_1_15' title="bbox 453 2207 2733 2318; baseline -0.001 -20"><span class='ocrx_word' id='word_1_117' title='bbox 453 2209 598 2298; x_wconf 85' lang='lat' dir='ltr'>hoc</span> <span class='ocrx_word' id='word_1_118' title='bbox 649 2241 702 2294; x_wconf 89' lang='lat' dir='ltr'><em>a</em></span> <span class='ocrx_word' id='word_1_119' title='bbox 755 2218 830 2313; x_wconf 85' lang='lat' dir='ltr'>i,</span> <span class='ocrx_word' id='word_1_120' title='bbox 901 2233 993 2298; x_wconf 84' lang='lat' dir='ltr'>ut</span> <span class='ocrx_word' id='word_1_121' title='bbox 1066 2207 1471 2298; x_wconf 83' lang='lat' dir='ltr'>veteribus</span> <span class='ocrx_word' id='word_1_122' title='bbox 1541 2209 1913 2318; x_wconf 80' lang='lat' dir='ltr'>ministris</span> <span class='ocrx_word' id='word_1_123' title='bbox 1980 2208 2169 2296; x_wconf 86' lang='lat' dir='ltr'>abro</span> <span class='ocrx_word' id='word_1_124' title='bbox 2220 2215 2376 2294; x_wconf 86' lang='lat' dir='ltr'><em>atis</em></span> <span class='ocrx_word' id='word_1_125' title='bbox 2395 2267 2420 2312; x_wconf 90' lang='lat'>,</span> <span class='ocrx_word' id='word_1_126' title='bbox 2496 2214 2733 2312; x_wconf 84' lang='lat' dir='ltr'><em>novi,</em></span> 
     </span>
     <span class='ocr_line' id='line_1_16' title="bbox 375 2237 2736 2523; baseline -0.002 -113"><span class='ocrx_word' id='word_1_127' title='bbox 375 2365 389 2374; x_wconf 93' lang='lat'><em>·</em></span> <span class='ocrx_word' id='word_1_128' title='bbox 456 2352 562 2410; x_wconf 83' lang='lat' dir='ltr'>ex</span> <span class='ocrx_word' id='word_1_129' title='bbox 721 2321 936 2410; x_wconf 86' lang='lat' dir='ltr'><em>lbani</em></span> <span class='ocrx_word' id='word_1_130' title='bbox 1002 2323 1304 2431; x_wconf 80' lang='lat' dir='ltr'><em>consilio</em></span> <span class='ocrx_word' id='word_1_131' title='bbox 1319 2385 1347 2430; x_wconf 85' lang='lat'>‚</span> <span class='ocrx_word' id='word_1_132' title='bbox 1348 2320 2013 2523; x_wconf 67' lang='lat' dir='ltr'>Fsubstituantur.</span> <span class='ocrx_word' id='word_1_133' title='bbox 2142 2237 2517 2433; x_wconf 44' lang='lat' dir='ltr'>§ustodi‘ae</span> <span class='ocrx_word' id='word_1_134' title='bbox 2564 2319 2736 2408; x_wconf 84' lang='lat' dir='ltr'>Ar-</span> 
     </span>
     <span class='ocr_line' id='line_1_17' title="bbox 371 2427 2739 2554; baseline 0.002 -32"><span class='ocrx_word' id='word_1_135' title='bbox 371 2473 386 2491; x_wconf 90' lang='lat'><strong>·</strong></span> <span class='ocrx_word' id='word_1_136' title='bbox 454 2435 668 2522; x_wconf 77' lang='lat' dir='ltr'><em>chivi</em></span> <span class='ocrx_word' id='word_1_137' title='bbox 705 2433 1160 2526; x_wconf 84' lang='lat' dir='ltr'><em>Brabantiae</em></span> <span class='ocrx_word' id='word_1_138' title='bbox 1215 2464 1311 2522; x_wconf 87' lang='lat' dir='ltr'>ac</span> <span class='ocrx_word' id='word_1_139' title='bbox 1423 2433 1795 2538; x_wconf 74' lang='lat' dir='ltr'>landrice,</span> <span class='ocrx_word' id='word_1_140' title='bbox 1851 2429 2133 2554; x_wconf 79' lang='lat' dir='ltr'><em>quibus</em></span> <span class='ocrx_word' id='word_1_141' title='bbox 2162 2431 2490 2520; x_wconf 80' lang='lat' dir='ltr'>collatae.</span> <span class='ocrx_word' id='word_1_142' title='bbox 2594 2427 2739 2526; x_wconf 73' lang='lat' dir='ltr'>W-</span> 
     </span>
     <span class='ocr_line' id='line_1_18' title="bbox 369 2541 2736 2664; baseline 0.002 -32"><span class='ocrx_word' id='word_1_143' title='bbox 369 2557 380 2660; x_wconf 74' lang='lat' dir='ltr'><strong>j</strong></span> <span class='ocrx_word' id='word_1_144' title='bbox 442 2549 659 2664; x_wconf 86' lang='lat' dir='ltr'><em>glius</em></span> <span class='ocrx_word' id='word_1_145' title='bbox 711 2579 764 2634; x_wconf 91' lang='lat' dir='ltr'><em>a</em></span> <span class='ocrx_word' id='word_1_146' title='bbox 794 2549 1052 2664; x_wconf 83' lang='lat' dir='ltr'><em>sigilli</em></span> <span class='ocrx_word' id='word_1_147' title='bbox 1089 2545 1422 2658; x_wconf 83' lang='lat' dir='ltr'><em>custodia</em></span> <span class='ocrx_word' id='word_1_148' title='bbox 1479 2541 1778 2658; x_wconf 83' lang='lat' dir='ltr'><em>absolvi</em></span> <span class='ocrx_word' id='word_1_149' title='bbox 1831 2551 2065 2634; x_wconf 81' lang='lat' dir='ltr'>enixe</span> <span class='ocrx_word' id='word_1_150' title='bbox 2096 2543 2466 2662; x_wconf 81' lang='lat' dir='ltr'>postulat.</span> <span class='ocrx_word' id='word_1_151' title='bbox 2584 2543 2736 2638; x_wconf 77' lang='lat' dir='ltr'>De</span> 
     </span>
     <span class='ocr_line' id='line_1_19' title="bbox 373 2655 2738 2776; baseline -0.002 -25"><span class='ocrx_word' id='word_1_152' title='bbox 373 2750 384 2760; x_wconf 83' lang='grc'><strong>,</strong></span> <span class='ocrx_word' id='word_1_153' title='bbox 467 2660 948 2773; x_wconf 80' lang='lat' dir='ltr'><em>Officialibus</em></span> <span class='ocrx_word' id='word_1_154' title='bbox 1049 2659 1395 2750; x_wconf 82' lang='lat' dir='ltr'><em>Ordinis.</em></span> <span class='ocrx_word' id='word_1_155' title='bbox 1509 2659 1658 2749; x_wconf 86' lang='lat' dir='ltr'>De</span> <span class='ocrx_word' id='word_1_156' title='bbox 1707 2657 2207 2776; x_wconf 75' lang='lat' dir='ltr'>Confi’ſjario</span> <span class='ocrx_word' id='word_1_157' title='bbox 2270 2667 2350 2746; x_wconf 83' lang='lat' dir='ltr'>in</span> <span class='ocrx_word' id='word_1_158' title='bbox 2430 2655 2738 2774; x_wconf 59' lang='lat' dir='ltr'>Hisjpa-</span> 
     </span>
     <span class='ocr_line' id='line_1_20' title="bbox 378 2769 2739 2887; baseline 0.001 -27"><span class='ocrx_word' id='word_1_159' title='bbox 378 2833 388 2870; x_wconf 67' lang='lat'>2</span> <span class='ocrx_word' id='word_1_160' title='bbox 457 2785 672 2861; x_wconf 82' lang='lat' dir='ltr'><em>niam</em></span> <span class='ocrx_word' id='word_1_161' title='bbox 755 2775 1158 2862; x_wconf 81' lang='lat' dir='ltr'>mittendo.</span> <span class='ocrx_word' id='word_1_162' title='bbox 1274 2774 1424 2863; x_wconf 86' lang='lat' dir='ltr'>De</span> <span class='ocrx_word' id='word_1_163' title='bbox 1505 2771 1887 2862; x_wconf 85' lang='lat' dir='ltr'><em>Molinaeo</em></span> <span class='ocrx_word' id='word_1_164' title='bbox 1916 2835 1945 2881; x_wconf 88' lang='lat'>‚</span> <span class='ocrx_word' id='word_1_165' title='bbox 2051 2769 2167 2865; x_wconf 67' lang='lat'>69⁹</span> <span class='ocrx_word' id='word_1_166' title='bbox 2254 2769 2739 2887; x_wconf 68' lang='lat' dir='ltr'><em>thesaurarii</em></span> 
     </span>
     <span class='ocr_line' id='line_1_21' title="bbox 379 2887 2767 3001; baseline 0.003 -33"><span class='ocrx_word' id='word_1_167' title='bbox 379 2957 390 2968; x_wconf 92' lang='lat'><strong>.</strong></span> <span class='ocrx_word' id='word_1_168' title='bbox 457 2888 769 2997; x_wconf 68' lang='lat' dir='ltr'>Sthetfiae‘</span> <span class='ocrx_word' id='word_1_169' title='bbox 792 2887 1001 3001; x_wconf 88' lang='lat' dir='ltr'><em>fili0.</em></span> <span class='ocrx_word' id='word_1_170' title='bbox 1495 2908 1506 2924; x_wconf 84' lang='grc'><em>·</em></span> <span class='ocrx_word' id='word_1_171' title='bbox 2524 2905 2531 2910; x_wconf 85' lang='grc'><em>“</em></span> <span class='ocrx_word' id='word_1_172' title='bbox 2622 2895 2633 2902; x_wconf 83' lang='grc'><strong>’</strong></span> <span class='ocrx_word' id='word_1_173' title='bbox 2760 2901 2767 2914; x_wconf 87' lang='grc'><strong>’</strong></span> 
     </span>
    </p>
   </div>
   <div class='ocr_carea' id='block_1_7' title="bbox 337 3108 2787 4068">
    <p class='ocr_par' dir='ltr' id='par_1_8' title="bbox 337 3108 2787 4068">
     <span class='ocr_line' id='line_1_22' title="bbox 349 3108 2728 3278; baseline -0.002 -92"><span class='ocrx_word' id='word_1_174' title='bbox 349 3111 641 3278; x_wconf 57' lang='lat' dir='ltr'>§Exta</span> <span class='ocrx_word' id='word_1_175' title='bbox 669 3113 870 3208; x_wconf 82' lang='lat' dir='ltr'>hujus</span> <span class='ocrx_word' id='word_1_176' title='bbox 909 3109 1193 3197; x_wconf 85' lang='lat' dir='ltr'>menfis,</span> <span class='ocrx_word' id='word_1_177' title='bbox 1245 3111 1398 3186; x_wconf 88' lang='lat' dir='ltr'>CL.</span> <span class='ocrx_word' id='word_1_178' title='bbox 1435 3110 1510 3182; x_wconf 95' lang='lat' dir='ltr'>D</span> <span class='ocrx_word' id='word_1_179' title='bbox 1563 3109 2059 3194; x_wconf 63' lang='lat' dir='ltr'>nomm-1212,</span> <span class='ocrx_word' id='word_1_180' title='bbox 2126 3108 2478 3184; x_wconf 84' lang='lat' dir='ltr'>noviffime</span> <span class='ocrx_word' id='word_1_181' title='bbox 2508 3111 2594 3183; x_wconf 90' lang='lat' dir='ltr'>ad</span> <span class='ocrx_word' id='word_1_182' title='bbox 2634 3109 2728 3182; x_wconf 92' lang='lat' dir='ltr'>D.</span> 
     </span>
     <span class='ocr_line' id='line_1_23' title="bbox 338 3205 2737 3305; baseline -0.002 -24"><span class='ocrx_word' id='word_1_183' title='bbox 338 3233 387 3274; x_wconf 72' lang='grc' dir='ltr'>ι·</span> <span class='ocrx_word' id='word_1_184' title='bbox 500 3209 591 3283; x_wconf 89' lang='lat' dir='ltr'>V.</span> <span class='ocrx_word' id='word_1_185' title='bbox 640 3207 872 3305; x_wconf 83' lang='lat' dir='ltr'>scripfi</span> <span class='ocrx_word' id='word_1_186' title='bbox 903 3263 924 3296; x_wconf 89' lang='lat'>,</span> <span class='ocrx_word' id='word_1_187' title='bbox 973 3231 1056 3282; x_wconf 87' lang='lat' dir='ltr'>ac</span> <span class='ocrx_word' id='word_1_188' title='bbox 1109 3229 1373 3282; x_wconf 80' lang='lat' dir='ltr'><strong>xv111.</strong></span> <span class='ocrx_word' id='word_1_189' title='bbox 1423 3207 1720 3299; x_wconf 85' lang='lat' dir='ltr'>ejusdem</span> <span class='ocrx_word' id='word_1_190' title='bbox 1769 3205 1945 3279; x_wconf 81' lang='lat' dir='ltr'>Dux</span> <span class='ocrx_word' id='word_1_191' title='bbox 1990 3205 2301 3281; x_wconf 86' lang='lat' dir='ltr'>Albanus</span> <span class='ocrx_word' id='word_1_192' title='bbox 2338 3205 2499 3280; x_wconf 86' lang='lat' dir='ltr'>hinc</span> <span class='ocrx_word' id='word_1_193' title='bbox 2545 3205 2737 3280; x_wconf 84' lang='lat' dir='ltr'>abiit.</span> 
     </span>
     <span class='ocr_line' id='line_1_24' title="bbox 343 3299 2742 3398; baseline 0.002 -25"><span class='ocrx_word' id='word_1_194' title='bbox 343 3299 808 3378; x_wconf 84' lang='lat' dir='ltr'>Gubernator</span> <span class='ocrx_word' id='word_1_195' title='bbox 872 3327 1098 3376; x_wconf 86' lang='lat' dir='ltr'>novus</span> <span class='ocrx_word' id='word_1_196' title='bbox 1147 3306 1363 3375; x_wconf 82' lang='lat' dir='ltr'>altera</span> <span class='ocrx_word' id='word_1_197' title='bbox 1409 3303 1522 3378; x_wconf 90' lang='lat' dir='ltr'>die</span> <span class='ocrx_word' id='word_1_198' title='bbox 1567 3301 1659 3376; x_wconf 92' lang='lat' dir='ltr'>D.</span> <span class='ocrx_word' id='word_1_199' title='bbox 1701 3301 2005 3376; x_wconf 87' lang='lat' dir='ltr'>Thomae</span> <span class='ocrx_word' id='word_1_200' title='bbox 2052 3301 2510 3394; x_wconf 86' lang='lat' dir='ltr'>Antverpiam</span> <span class='ocrx_word' id='word_1_201' title='bbox 2576 3325 2742 3398; x_wconf 86' lang='lat' dir='ltr'>pro-</span> 
     </span>
     <span class='ocr_line' id='line_1_25' title="bbox 337 3395 2741 3496; baseline 0.001 -25"><span class='ocrx_word' id='word_1_202' title='bbox 337 3397 565 3471; x_wconf 62' lang='lat' dir='ltr'>fectus</span> <span class='ocrx_word' id='word_1_203' title='bbox 603 3397 747 3484; x_wconf 89' lang='lat' dir='ltr'>est,</span> <span class='ocrx_word' id='word_1_204' title='bbox 796 3417 876 3471; x_wconf 90' lang='lat' dir='ltr'>ut</span> <span class='ocrx_word' id='word_1_205' title='bbox 929 3396 1237 3496; x_wconf 85' lang='lat' dir='ltr'>dispiciat</span> <span class='ocrx_word' id='word_1_206' title='bbox 1269 3395 1316 3468; x_wconf 88' lang='lat' dir='ltr'>s1</span> <span class='ocrx_word' id='word_1_207' title='bbox 1351 3419 1489 3490; x_wconf 87' lang='lat' dir='ltr'>qua</span> <span class='ocrx_word' id='word_1_208' title='bbox 1526 3398 1793 3472; x_wconf 87' lang='lat' dir='ltr'>ratione</span> <span class='ocrx_word' id='word_1_209' title='bbox 1829 3401 1931 3470; x_wconf 90' lang='lat' dir='ltr'>rei</span> <span class='ocrx_word' id='word_1_210' title='bbox 1966 3398 2327 3470; x_wconf 66' lang='lat' dir='ltr'>maritimae</span> <span class='ocrx_word' id='word_1_211' title='bbox 2348 3448 2369 3483; x_wconf 91' lang='lat'><strong><em>,</em></strong></span> <span class='ocrx_word' id='word_1_212' title='bbox 2420 3418 2504 3471; x_wconf 87' lang='lat' dir='ltr'>ac</span> <span class='ocrx_word' id='word_1_213' title='bbox 2545 3397 2741 3474; x_wconf 83' lang='lat' dir='ltr'>Mid-</span> 
     </span>
     <span class='ocr_line' id='line_1_26' title="bbox 341 3491 2741 3592; baseline 0.001 -29"><span class='ocrx_word' id='word_1_214' title='bbox 341 3493 687 3592; x_wconf 84' lang='lat' dir='ltr'>delburgo</span> <span class='ocrx_word' id='word_1_215' title='bbox 731 3515 1030 3569; x_wconf 82' lang='lat' dir='ltr'>extreme</span> <span class='ocrx_word' id='word_1_216' title='bbox 1087 3493 1568 3590; x_wconf 86' lang='lat' dir='ltr'>periclitanti,</span> <span class='ocrx_word' id='word_1_217' title='bbox 1613 3492 1917 3567; x_wconf 81' lang='lat' dir='ltr'>succurri</span> <span class='ocrx_word' id='word_1_218' title='bbox 1964 3493 2181 3586; x_wconf 85' lang='lat' dir='ltr'>possit.</span> <span class='ocrx_word' id='word_1_219' title='bbox 2249 3491 2462 3588; x_wconf 81' lang='lat' dir='ltr'>Heri</span> <span class='ocrx_word' id='word_1_220' title='bbox 2511 3513 2741 3566; x_wconf 88' lang='lat' dir='ltr'>autem</span> 
     </span>
     <span class='ocr_line' id='line_1_27' title="bbox 339 3583 2746 3686; baseline 0 -24"><span class='ocrx_word' id='word_1_221' title='bbox 339 3587 441 3666; x_wconf 93' lang='lat' dir='ltr'>D.</span> <span class='ocrx_word' id='word_1_222' title='bbox 490 3589 904 3666; x_wconf 88' lang='lat' dir='ltr'>Fredericus</span> <span class='ocrx_word' id='word_1_223' title='bbox 955 3589 1182 3662; x_wconf 85' lang='lat' dir='ltr'>Ducis</span> <span class='ocrx_word' id='word_1_224' title='bbox 1232 3587 1411 3662; x_wconf 88' lang='lat' dir='ltr'>filius</span> <span class='ocrx_word' id='word_1_225' title='bbox 1449 3640 1475 3675; x_wconf 92' lang='lat'>‚</span> <span class='ocrx_word' id='word_1_226' title='bbox 1543 3589 2128 3686; x_wconf 87' lang='lat' dir='ltr'>Albernotiusque</span> <span class='ocrx_word' id='word_1_227' title='bbox 2160 3641 2185 3677; x_wconf 88' lang='lat'>‚</span> <span class='ocrx_word' id='word_1_228' title='bbox 2246 3583 2469 3684; x_wconf 89' lang='lat' dir='ltr'>ipsum</span> <span class='ocrx_word' id='word_1_229' title='bbox 2526 3587 2746 3662; x_wconf 81' lang='lat' dir='ltr'>secuti</span> 
     </span>
     <span class='ocr_line' id='line_1_28' title="bbox 343 3683 2743 3784; baseline -0.001 -26"><span class='ocrx_word' id='word_1_230' title='bbox 343 3685 540 3761; x_wconf 72' lang='lat' dir='ltr'>fuere</span> <span class='ocrx_word' id='word_1_231' title='bbox 567 3745 592 3776; x_wconf 85' lang='lat'>,</span> <span class='ocrx_word' id='word_1_232' title='bbox 637 3685 905 3784; x_wconf 87' lang='lat' dir='ltr'>Vargas</span> <span class='ocrx_word' id='word_1_233' title='bbox 943 3688 1121 3762; x_wconf 78' lang='lat' dir='ltr'>verd</span> <span class='ocrx_word' id='word_1_234' title='bbox 1153 3687 1365 3758; x_wconf 91' lang='lat' dir='ltr'>altera</span> <span class='ocrx_word' id='word_1_235' title='bbox 1398 3685 1514 3758; x_wconf 89' lang='lat' dir='ltr'>die</span> <span class='ocrx_word' id='word_1_236' title='bbox 1551 3683 1590 3758; x_wconf 70' lang='lat' dir='ltr'>a</span> <span class='ocrx_word' id='word_1_237' title='bbox 1623 3685 1844 3760; x_wconf 85' lang='lat' dir='ltr'>Ducis</span> <span class='ocrx_word' id='word_1_238' title='bbox 1880 3687 2113 3772; x_wconf 88' lang='lat' dir='ltr'>abitu,</span> <span class='ocrx_word' id='word_1_239' title='bbox 2158 3690 2292 3760; x_wconf 90' lang='lat' dir='ltr'>iter</span> <span class='ocrx_word' id='word_1_240' title='bbox 2323 3705 2605 3780; x_wconf 89' lang='lat' dir='ltr'>quoque</span> <span class='ocrx_word' id='word_1_241' title='bbox 2636 3684 2743 3756; x_wconf 86' lang='lat' dir='ltr'>in·-</span> 
     </span>
     <span class='ocr_line' id='line_1_29' title="bbox 341 3773 2744 3893; baseline -0.003 -38"><span class='ocrx_word' id='word_1_242' title='bbox 341 3783 602 3893; x_wconf 77' lang='lat' dir='ltr'>gress&#39;us</span> <span class='ocrx_word' id='word_1_243' title='bbox 641 3781 796 3857; x_wconf 82' lang='lat' dir='ltr'><strong>fuit.</strong></span> <span class='ocrx_word' id='word_1_244' title='bbox 897 3781 1351 3877; x_wconf 82' lang='lat' dir='ltr'>Speraveram</span> <span class='ocrx_word' id='word_1_245' title='bbox 1393 3801 1590 3858; x_wconf 88' lang='lat' dir='ltr'>antea</span> <span class='ocrx_word' id='word_1_246' title='bbox 1627 3781 1915 3878; x_wconf 79' lang='lat' dir='ltr'>aliquod</span> <span class='ocrx_word' id='word_1_247' title='bbox 1968 3781 2171 3854; x_wconf 84' lang='lat' dir='ltr'>nobis</span> <span class='ocrx_word' id='word_1_248' title='bbox 2221 3779 2396 3854; x_wconf 87' lang='lat' dir='ltr'>boni</span> <span class='ocrx_word' id='word_1_249' title='bbox 2435 3773 2744 3872; x_wconf 78' lang='lat' dir='ltr'>responfi</span> 
     </span>
     <span class='ocr_line' id='line_1_30' title="bbox 342 3873 2787 3992; baseline -0.001 -42"><span class='ocrx_word' id='word_1_250' title='bbox 342 3901 418 3951; x_wconf 85' lang='lat' dir='ltr'><strong>m</strong></span> <span class='ocrx_word' id='word_1_251' title='bbox 463 3905 536 3953; x_wconf 87' lang='lat' dir='ltr'>re</span> <span class='ocrx_word' id='word_1_252' title='bbox 581 3878 805 3954; x_wconf 87' lang='lat' dir='ltr'>vestra</span> <span class='ocrx_word' id='word_1_253' title='bbox 843 3879 1253 3992; x_wconf 78' lang='lat' dir='ltr'>pecuniaria</span> <span class='ocrx_word' id='word_1_254' title='bbox 1299 3878 1540 3948; x_wconf 87' lang='lat' dir='ltr'>datum</span> <span class='ocrx_word' id='word_1_255' title='bbox 1608 3879 1746 3964; x_wconf 88' lang='lat' dir='ltr'>iri,</span> <span class='ocrx_word' id='word_1_256' title='bbox 1795 3877 1916 3950; x_wconf 90' lang='lat' dir='ltr'>sed</span> <span class='ocrx_word' id='word_1_257' title='bbox 1964 3875 2183 3971; x_wconf 87' lang='lat' dir='ltr'>usque</span> <span class='ocrx_word' id='word_1_258' title='bbox 2238 3873 2326 3948; x_wconf 88' lang='lat' dir='ltr'>ad</span> <span class='ocrx_word' id='word_1_259' title='bbox 2373 3895 2787 3963; x_wconf 75' lang='lat' dir='ltr'>extremam,</span> 
     </span>
     <span class='ocr_line' id='line_1_31' title="bbox 343 3968 2747 4068; baseline -0.002 -20"><span class='ocrx_word' id='word_1_260' title='bbox 343 3975 589 4048; x_wconf 83' lang='lat' dir='ltr'>horam</span> <span class='ocrx_word' id='word_1_261' title='bbox 631 3977 904 4050; x_wconf 75' lang='lat' dir='ltr'>blandis</span> <span class='ocrx_word' id='word_1_262' title='bbox 929 3971 1180 4050; x_wconf 83' lang='lat' dir='ltr'>&#39;verbis</span> <span class='ocrx_word' id='word_1_263' title='bbox 1209 3971 1448 4045; x_wconf 64' lang='lat' dir='ltr'>lactati</span> <span class='ocrx_word' id='word_1_264' title='bbox 1477 3972 1733 4046; x_wconf 79' lang='lat' dir='ltr'>fuimus</span> <span class='ocrx_word' id='word_1_265' title='bbox 1755 4027 1776 4057; x_wconf 87' lang='lat'><strong>‚</strong></span> <span class='ocrx_word' id='word_1_266' title='bbox 1828 3971 1908 4046; x_wconf 73' lang='grc' dir='ltr'>ἃ</span> <span class='ocrx_word' id='word_1_267' title='bbox 1940 3985 2179 4046; x_wconf 83' lang='lat' dir='ltr'>coram</span> <span class='ocrx_word' id='word_1_268' title='bbox 2211 3968 2457 4068; x_wconf 82' lang='lat' dir='ltr'>saepius</span> <span class='ocrx_word' id='word_1_269' title='bbox 2496 3969 2747 4044; x_wconf 89' lang='lat' dir='ltr'>Alber-</span> 
     </span>
    </p>
   </div>
   <div class='ocr_carea' id='block_1_8' title="bbox 347 4065 2899 4166">
    <p class='ocr_par' dir='ltr' id='par_1_9' title="bbox 347 4065 2899 4166">
     <span class='ocr_line' id='line_1_32' title="bbox 347 4065 2899 4166; baseline 0.001 -24"><span class='ocrx_word' id='word_1_270' title='bbox 347 4070 593 4148; x_wconf 70' lang='lat' dir='ltr'>notius</span> <span class='ocrx_word' id='word_1_271' title='bbox 620 4068 837 4157; x_wconf 82' lang='lat' dir='ltr'>dixit,</span> <span class='ocrx_word' id='word_1_272' title='bbox 889 4095 970 4145; x_wconf 84' lang='lat' dir='ltr'>ac</span> <span class='ocrx_word' id='word_1_273' title='bbox 1003 4093 1138 4166; x_wconf 86' lang='lat' dir='ltr'>per</span> <span class='ocrx_word' id='word_1_274' title='bbox 1171 4065 1520 4142; x_wconf 82' lang='lat' dir='ltr'>ministros</span> <span class='ocrx_word' id='word_1_275' title='bbox 1554 4067 1973 4164; x_wconf 77' lang='lat' dir='ltr'>fignificavit</span> <span class='ocrx_word' id='word_1_276' title='bbox 1996 4123 2015 4150; x_wconf 52' lang='lat'><em>2</em></span> <span class='ocrx_word' id='word_1_277' title='bbox 2059 4091 2203 4140; x_wconf 86' lang='lat' dir='ltr'>non</span> <span class='ocrx_word' id='word_1_278' title='bbox 2250 4066 2319 4139; x_wconf 89' lang='lat' dir='ltr'>se</span> <span class='ocrx_word' id='word_1_279' title='bbox 2355 4067 2747 4157; x_wconf 84' lang='lat' dir='ltr'>abiturum,</span> <span class='ocrx_word' id='word_1_280' title='bbox 2780 4066 2787 4074; x_wconf 83' lang='grc'><em>“</em></span> <span class='ocrx_word' id='word_1_281' title='bbox 2892 4136 2899 4144; x_wconf 88' lang='grc'><strong>.</strong></span> 
     </span>
    </p>
   </div>
   <div class='ocr_carea' id='block_1_9' title="bbox 340 4161 2752 4386">
    <p class='ocr_par' dir='ltr' id='par_1_10' title="bbox 340 4161 2752 4386">
     <span class='ocr_line' id='line_1_33' title="bbox 340 4161 2750 4260; baseline -0.002 -20"><span class='ocrx_word' id='word_1_282' title='bbox 340 4161 468 4240; x_wconf 76' lang='lat' dir='ltr'>nisi</span> <span class='ocrx_word' id='word_1_283' title='bbox 525 4166 696 4236; x_wconf 87' lang='lat' dir='ltr'>mihi</span> <span class='ocrx_word' id='word_1_284' title='bbox 730 4165 806 4238; x_wconf 75' lang='grc' dir='ltr'>δι</span> <span class='ocrx_word' id='word_1_285' title='bbox 830 4167 1286 4252; x_wconf 79' lang='lat' dir='ltr'>valediceret,</span> <span class='ocrx_word' id='word_1_286' title='bbox 1333 4161 1412 4259; x_wconf 83' lang='lat'>.&amp;</span> <span class='ocrx_word' id='word_1_287' title='bbox 1458 4165 1549 4237; x_wconf 87' lang='lat' dir='ltr'>de</span> <span class='ocrx_word' id='word_1_288' title='bbox 1593 4165 1895 4260; x_wconf 75' lang='lat' dir='ltr'>negocio</span> <span class='ocrx_word' id='word_1_289' title='bbox 1932 4163 2021 4236; x_wconf 91' lang='lat' dir='ltr'>D.</span> <span class='ocrx_word' id='word_1_290' title='bbox 2062 4163 2155 4236; x_wconf 92' lang='lat' dir='ltr'>V.</span> <span class='ocrx_word' id='word_1_291' title='bbox 2198 4165 2367 4260; x_wconf 78' lang='lat' dir='ltr'>quid</span> <span class='ocrx_word' id='word_1_292' title='bbox 2423 4161 2750 4240; x_wconf 69' lang='lat' dir='ltr'>effestum</span> 
     </span>
     <span class='ocr_line' id='line_1_34' title="bbox 342 4257 2752 4386; baseline -0.003 -50"><span class='ocrx_word' id='word_1_293' title='bbox 342 4259 508 4386; x_wconf 64' lang='lat' dir='ltr'>effer</span> <span class='ocrx_word' id='word_1_294' title='bbox 547 4257 906 4381; x_wconf 69' lang='lat' dir='ltr'>indicaret.</span> <span class='ocrx_word' id='word_1_295' title='bbox 1004 4259 1272 4338; x_wconf 64' lang='lat' dir='ltr'>Veriun</span> <span class='ocrx_word' id='word_1_296' title='bbox 1321 4261 1554 4335; x_wconf 87' lang='lat' dir='ltr'>neutri</span> <span class='ocrx_word' id='word_1_297' title='bbox 1589 4261 1677 4333; x_wconf 91' lang='lat' dir='ltr'>ab</span> <span class='ocrx_word' id='word_1_298' title='bbox 1731 4276 1816 4336; x_wconf 87' lang='lat' dir='ltr'>eo</span> <span class='ocrx_word' id='word_1_299' title='bbox 1872 4258 2295 4340; x_wconf 66' lang='lat' dir='ltr'>satisfafflcum</span> <span class='ocrx_word' id='word_1_300' title='bbox 2332 4257 2505 4352; x_wconf 81' lang='lat' dir='ltr'>fuit,</span> <span class='ocrx_word' id='word_1_301' title='bbox 2555 4261 2629 4334; x_wconf 88' lang='lat'>&amp;</span> <span class='ocrx_word' id='word_1_302' title='bbox 2650 4261 2752 4330; x_wconf 64' lang='lat' dir='ltr'>in</span> 
     </span>
    </p>
   </div>
   <div class='ocr_carea' id='block_1_10' title="bbox 1423 4349 2755 4498">
    <p class='ocr_par' dir='ltr' id='par_1_11' title="bbox 1423 4349 2755 4498">
     <span class='ocr_line' id='line_1_35' title="bbox 1423 4349 2755 4498; baseline 0 -45"><span class='ocrx_word' id='word_1_303' title='bbox 1423 4355 1889 4456; x_wconf 75' lang='grc'><strong>633333</strong></span> <span class='ocrx_word' id='word_1_304' title='bbox 2216 4491 2223 4498; x_wconf 79' lang='lat'><strong>.</strong></span> <span class='ocrx_word' id='word_1_305' title='bbox 2604 4349 2755 4434; x_wconf 48' lang='lat' dir='ltr'>ste</span> 
     </span>
    </p>
   </div>
  </div>
 </body>
</html>
