3700 4884
814 373 1076 497 ..464
1128 357 1615 477 v'1GL11
1670 348 1808 458 An
1843 336 3204 495 'AY‘TTA-ZUICHEM

900 570 998 647 fic
1035 550 1349 644 forsitam
1384 544 1753 641 difficulter
1819 558 1918 647 eis
1975 552 2450 632 provinciales
2505 546 2984 658 assentientur,
3033 552 3154 628 sed
3203 556 3312 631 ni-

896 669 1275 743 hilominus
1331 682 1596 737 tentare
1625 652 1847 730 visum
1881 650 2072 727 fuit..
2137 648 2468 725 Orandus
2519 668 2747 723 autem
2795 650 2912 721 est·
2943 644 3082 723 Dn
3103 670 3202 726 us
3229 672 3312 725 ut

900 750 1198 841 faelicem
1261 758 1596 852 largiatur
1648 748 2045 825 successum.
2146 744 2341 821 Bene
2385 748 2542 853 vale
2551 801 2586 855 ρ,
2655 744 2849 818 Hor
2871 766 3103 820 rnna
3153 744 3310 821 CL.

897 858 1270 935 Bruxellae.
1318 874 1523 927 xxvr.
1574 847 1785 922 Febr.
1838 866 1954 921 clo
2005 866 2080 919 ιο
2125 862 2381 918 vam.
2548 870 2562 885 ⁴
2616 877 2623 886 ·
2983 843 2998 879 -¹

998 958 1185 1032 Cum
1221 949 1575 1024 Dominus
1606 944 2006 1041 Tyletanus
2041 938 2228 1014 hisce
2267 939 2512 1017 diebus
2545 936 2634 1011 ad
2682 958 2792 1011 me
2825 934 3086 1011 miserit
3113 938 3322 1015 libel-

900 1054 1046 1131 lum
1066 1104 1089 1138 ‚
1140 1049 1615 1125 continentem
1666 1041 1949 1113 nomina
2003 1058 2355 1113 novorum
2403 1038 2744 1109 librorum
2767 1084 2790 1121 ,
2839 1034 2964 1135 qui
3009 1033 3322 1111 Franco·-

899 1147 1155 1223 fordiae
1226 1144 1299 1217 in
1362 1138 1688 1216 nundinis
1738 1132 2246 1211 autumnalibus
2302 1130 2760 1231 prostiterunt
2784 1181 2809 1216 ,
2868 1130 3168 1204 eundem
3227 1128 3320 1207 ad

899 1262 977 1317 te
1022 1243 1206 1317 mitti
1246 1238 1456 1335 petiit
1472 1288 1495 1322 ‚
1560 1233 1709 1329 quo
1776 1228 2312 1327 Inquisitoribus
2373 1225 2577 1301 isthic
2641 1223 2968 1301 exhibere
3039 1224 3274 1325 poss'es
3289 1278 3319 1317 ,

900 1342 1385 1431 rationemque
1452 1328 2022 1407 commonstrare-s
2067 1377 2093 1413 ‚
2171 1350 2312 1422 qua
2373 1320 2702 1421 cognosci
2773 1322 3031 1417 poterit
3070 1374 3096 1410 ‚
3188 1325 3316 1418 qui

902 1456 994 1511 ex
1042 1433 1569 1507 Catholicorum
1633 1427 2219 1500 haereticorumve
2281 1420 2582 1496 officinis
2641 1418 3025 1516 prodeant,
3095 1438 3176 1494 ut
3224 1438 3318 1492 ex

901 1534 1049 1631 ejus
1080 1529 1297 1607 literis
1326 1527 1707 1623 libelloque
1727 1518 1972 1621 june‘to
2004 1518 2104 1594 D.
2137 1517 2237 1591 T.
2285 1519 2560 1617 plenius
2593 1515 2984 1612 intelligere
3007 1513 3302 1615 poterit.

1259 1756 2444 1869 2EPI'STOLA
2557 1763 2855 1860 LII.
2972 1807 2981 1818 ·

908 2018 1071 2115 De·
1112 2046 1208 2108 re
1275 2017 1749 2135 pecuniaria
1816 2028 2218 2129 nepotum·
2224 2002 2576 2122 suorum
2623 2010 2704 2104 in
2744 1996 3144 2123 Hispania
3197 1996 3340 2123 dee·

1472 2149 1483 2183 ¹
1944 2142 2330 2255 gentium.

913 2396 1165 2569 CL.
1220 2397 1313 2471 D.
1363 2393 1864 2476 Honrnnn,
1915 2388 2316 2492 Mercator,
2365 2414 2504 2491 per
2578 2410 2740 2467 uem
2771 2401 2866 2465 ‘te
2930 2392 3104 2490 mibi
3138 2389 3314 2484 [scri-

1128 2490 1321 2588 pfiss‘e
1356 2492 1571 2564 literis
1618 2486 2327 2564 v1.Februarii'datis
2370 2488 2538 2587 signi
2593 2490 2801 2571 casti,
2851 2492 3162 2563 nondum
3197 2514 3323 2588 ap-

908 2590 1131 2684 pulit,
1182 2612 1303 2662 aut
1332 2609 1525 2661 certe
1558 2586 1709 2657 illas
1746 2584 1919 2656 mihi
1951 2585 2262 2657 nondum
2284 2584 2616 2679 reddidit..
2711 2583 2978 2659 Verum
3017 2582 3178 2681 post
3196 2610 3335 2673 n02

880 2682 1207 2757 ‘viffimas
1254 2706 1437 2755 meas
1472 2682 1559 2753 ad
1590 2704 1663 2753 te
1696 2681 1927 2753 literas
1965 2680 2247 2775 quidam
2291 2676 2452 2756 'cum
2489 2680 2709 2752 literis
2742 2677 3036 2771 cambii,
3085 2679 3322 2757 mense

912 2776 1279 2852 Novemb.
1310 2776 1706 2869 subscriptis
1760 2778 1847 2847 ad
1879 2798 1989 2849 me
2025 2778 2262 2861 venit,
2315 2798 2436 2850 cm
2488 2800 2592 2850 cc.
2639 2772 2946 2851 florenos
2991 2778 3334 2873 exigens,

914 2896 1096 2971 quos
1158 2878 1230 2947 in
1284 2873 1637 2949 Buchonis
1697 2872 1970 2967 nepotis
2029 2872 2165 2943 mei
2198 2869 2372 2947 'usus
2427 2876 2800 2969 acceperis
2903 2870 3118 2972 Cum·
3146 2896 3325 2949 vero

912 2974 1143 3045 nullas
1172 2972 1447 3055 literas,
1500 2968 1757 3064 quibus
1812 2970 1900 3041 de
1929 2990 2018 3041 eo
2056 2968 2500 3058 admonerer,
2558 2970 2680 3044 abs
2717 2988 2785 3043 te
2818 2968 3160 3055 adferret,
3209 2995 3332 3045 ne·

920 3090 1063 3167 que
1095 3066 1185 3139 ad
1220 3066 1549 3140 Braviurn
1584 3066 1673 3135 ab
1710 3064 2046 3149 Schetzio
2078 3062 2257 3139 datae
2301 3066 2522 3137 literae
2569 3064 2821 3137 cambii
2856 3062 3142 3150 remiss'ae
3174 3063 3326 3139 fue-

916 3166 1099 3250 rint,
1148 3145 1225 3237 &
1263 3184 1483 3257 nepos
1520 3184 1710 3234 meus
1754 3178 2054 3254 quatuor
2082 3160 2417 3234 duntaxat
2455 3160 2788 3257 regalium
2834 3162 3046 3234 millia
3095 3160 3330 3237 mense

918 3256 1327 3335 Novembri
1364 3256 1494 3329 abs
1522 3276 1591 3327 te
1636 3252 1976 3351 accepiss'e
2023 3252 2278 3327 scribat
2302 3306 2326 3337 ,
2372 3252 2479 3327 fui
2537 3258 2854 3329 nonnihil
2899 3260 3330 3353 perplexus,

921 3350 1387 3453 quid-facere
1446 3351 1803 3424 deberem:
1885 3350 2162 3423 tandem
2227 3372 2459 3426 autem
2510 3374 2668 3423 eum
2694 3404 2718 3437 ,
2785 3354 2909 3446 qui
2955 3356 3330 3447 pecuniam
3420 3386 3434 3395 ’

922 3449 1299 3544 exigebat,
1347 3446 1729 3542 rogabam,
1776 3466 1856 3519 ut
1887 3444 2220 3541 tantisper
2275 3448 2681 3521 dilationem
2736 3445 3106 3523 solutionis
3152 3472 3330 3524 oon-

864 3612 867 3617 .
922 3546 1245 3629 cederet,
1294 3544 1522 3616 donec
1560 3544 1791 3615 literas
1846 3562 1997 3635 tuas
2047 3544 2455 3639 acciperem.
2557 3541 3042 3631 Quamobrem
3101 3567 3330 3643 rogo,

923 3662 1007 3717 ut
1040 3640 1413 3719 certiorem
1448 3660 1561 3711 me
1592 3636 1843 3722 facias,
1892 3636 1944 3709 fi
1979 3638 2020 3710 a
2052 3636 2308 3711 Bravio
2341 3639 2516 3713 nihil
2552 3636 2634 3711 fit
2659 3642 2884 3715 adhuc
2914 3660 3281 3737 acceptum
3300 3692 3334 3729 ,

930 3752 1013 3812 ac
1070 3736 1121 3809 fi
1154 3736 1329 3810 nihil
1358 3736 1565 3809 brevi
1603 3754 2052 3829 accepturum
2113 3754 2185 3807 te
2225 3733 2500 3829 speres,
2550 3754 2629 3807 ut
2669 3736 2920 3809 cambii
2965 3738 3198 3810 literas
3237 3740 3332 3815 ad

932 3842 1047 3905 me
1074 3836 1417 3923 remittas,
1466 3832 1611 3926 quo
1647 3832 2016 3925 pecuniam
2049 3850 2271 3903 meam
2303 3852 2613 3926 repetere
2641 3830 2924 3925 Pomm,
2973 3830 3048 3907 ἃ
3073 3828 3123 3905 fi
3155 3856 3336 3907 mer-

934 3931 1203 4020 catori,
1248 3930 1371 4021 qui
1422 3928 1595 4001 mihi
1632 3946 1781 3999 tuas
1820 3928 2054 4001 literas
2091 3924 2382 4011 obtulit,
2429 3924 2699 4000 solvere
2736 3926 3029 4020 jubeas,
3069 3928 3146 4001 id
3175 3932 3340 4005 lite·

936 4027 1038 4099 ris
1072 4026 1209 4097 tuis
1242 4024 1415 4095 mihi
1458 4020 1843 4119 fignificat-e
1882 4045 2028 4105 non
2079 4022 2414 4117 graveris.
2515 4020 2963 4098 Incommode
3013 4023 3200 4099 enim
3239 4042 3338 4101 ‘ez

935 4143 1052 4199 tes
1105 4117 1481 4215 nepotibus
1526 4120 1698 4193 meis
1754 4120 2050 4203 accidit,
2116 4116 2192 4189 &
2252 4116 2420 4190 mihi
2479 4140 2761 4213 quoque
2817 4116 2979 4193 satis
3027 4124 3342 4219 cogitare

936 4236 1141 4315 potes
1178 4210 1539 4293 molestum
1572 4212 1705 4290 effe
1742 4216 1874 4290 tria
1920 4212 2348 4291 florenorum
2381 4216 2599 4293 millia
2653 4216 2729 4293 in
2767 4212 2933 4297 οέἐο
2981 4216 3340 4321 inentibus

2058 4348 2064 4358 ·
3187 4334 3335 4415 pro
