<?xml version="1.0" encoding="UTF-8"?>
<!DOCTYPE html PUBLIC "-//W3C//DTD XHTML 1.0 Transitional//EN"
    "http://www.w3.org/TR/xhtml1/DTD/xhtml1-transitional.dtd">
<html xmlns="http://www.w3.org/1999/xhtml" xml:lang="en" lang="en">
 <head>
  <title>
</title>
<meta http-equiv="Content-Type" content="text/html;charset=utf-8" />
  <meta name='ocr-system' content='tesseract 3.04.00' />
  <meta name='ocr-capabilities' content='ocr_page ocr_carea ocr_par ocr_line ocrx_word'/>
</head>
<body>
  <div class='ocr_page' id='page_1' title='image "./vitavigliiabayt00unkngoog_0532.png"; bbox 0 0 3700 4884; ppageno 0'>
   <div class='ocr_carea' id='block_1_1' title="bbox 475 386 2920 547">
    <p class='ocr_par' dir='ltr' id='par_1_1' title="bbox 475 386 2920 547">
     <span class='ocr_line' id='line_1_1' title="bbox 475 386 2920 547; baseline 0.01 -65"><span class='ocrx_word' id='word_1_1' title='bbox 475 388 1129 487; x_wconf 80' lang='lat' dir='ltr'>EPISTOLAE</span> <span class='ocrx_word' id='word_1_2' title='bbox 1182 388 1363 484; x_wconf 91' lang='lat' dir='ltr'>AD</span> <span class='ocrx_word' id='word_1_3' title='bbox 1396 390 1827 501; x_wconf 87' lang='lat' dir='ltr'><strong>JOACH.</strong></span> <span class='ocrx_word' id='word_1_4' title='bbox 1863 386 2585 493; x_wconf 80' lang='lat' dir='ltr'><strong>HOPPERUM.</strong></span> <span class='ocrx_word' id='word_1_5' title='bbox 2653 416 2820 523; x_wconf 85' lang='lat'>859</span> <span class='ocrx_word' id='word_1_6' title='bbox 2913 532 2920 547; x_wconf 89' lang='lat'><strong>.</strong></span> 
     </span>
    </p>
   </div>
   <div class='ocr_carea' id='block_1_2' title="bbox 412 584 2818 1066">
    <p class='ocr_par' dir='ltr' id='par_1_2' title="bbox 412 584 2818 1066">
     <span class='ocr_line' id='line_1_2' title="bbox 421 584 2812 686; baseline 0.005 -25"><span class='ocrx_word' id='word_1_7' title='bbox 421 608 561 683; x_wconf 87' lang='lat' dir='ltr'>que</span> <span class='ocrx_word' id='word_1_8' title='bbox 588 608 721 661; x_wconf 77' lang='lat' dir='ltr'>nos</span> <span class='ocrx_word' id='word_1_9' title='bbox 753 606 943 659; x_wconf 86' lang='lat' dir='ltr'>certe</span> <span class='ocrx_word' id='word_1_10' title='bbox 974 604 1239 679; x_wconf 80' lang='lat' dir='ltr'>parvus</span> <span class='ocrx_word' id='word_1_11' title='bbox 1280 604 1505 659; x_wconf 86' lang='lat' dir='ltr'>metus</span> <span class='ocrx_word' id='word_1_12' title='bbox 1540 584 1793 673; x_wconf 81' lang='lat' dir='ltr'>habet,</span> <span class='ocrx_word' id='word_1_13' title='bbox 1840 601 1931 663; x_wconf 84' lang='lat' dir='ltr'>ne</span> <span class='ocrx_word' id='word_1_14' title='bbox 1985 610 2124 661; x_wconf 91' lang='lat' dir='ltr'>non</span> <span class='ocrx_word' id='word_1_15' title='bbox 2165 590 2578 686; x_wconf 86' lang='lat' dir='ltr'>tempestiva</span> <span class='ocrx_word' id='word_1_16' title='bbox 2637 596 2812 674; x_wconf 83' lang='lat' dir='ltr'>salu-</span> 
     </span>
     <span class='ocr_line' id='line_1_3' title="bbox 414 677 2810 780; baseline 0.005 -25"><span class='ocrx_word' id='word_1_17' title='bbox 414 686 580 756; x_wconf 82' lang='lat' dir='ltr'>taris</span> <span class='ocrx_word' id='word_1_18' title='bbox 618 680 745 755; x_wconf 86' lang='lat' dir='ltr'>ista</span> <span class='ocrx_word' id='word_1_19' title='bbox 787 680 1168 764; x_wconf 86' lang='lat' dir='ltr'>medicina,</span> <span class='ocrx_word' id='word_1_20' title='bbox 1216 680 1431 755; x_wconf 81' lang='lat' dir='ltr'>rebus</span> <span class='ocrx_word' id='word_1_21' title='bbox 1482 678 1730 753; x_wconf 68' lang='lat' dir='ltr'>nostrie</span> <span class='ocrx_word' id='word_1_22' title='bbox 1785 682 1876 755; x_wconf 91' lang='lat' dir='ltr'>ad</span> <span class='ocrx_word' id='word_1_23' title='bbox 1909 706 2295 758; x_wconf 80' lang='lat' dir='ltr'>extremum</span> <span class='ocrx_word' id='word_1_24' title='bbox 2337 677 2643 780; x_wconf 72' lang='lat' dir='ltr'>affliffls,</span> <span class='ocrx_word' id='word_1_25' title='bbox 2685 680 2810 770; x_wconf 57' lang='lat' dir='ltr'>&#39;ad-</span> 
     </span>
     <span class='ocr_line' id='line_1_4' title="bbox 413 773 2814 875; baseline 0.005 -22"><span class='ocrx_word' id='word_1_26' title='bbox 413 780 641 853; x_wconf 82' lang='lat' dir='ltr'>hiberi</span> <span class='ocrx_word' id='word_1_27' title='bbox 708 776 929 873; x_wconf 87' lang='lat' dir='ltr'>poffit.</span> <span class='ocrx_word' id='word_1_28' title='bbox 1023 773 1603 848; x_wconf 75' lang='lat' dir='ltr'>Adversariorum</span> <span class='ocrx_word' id='word_1_29' title='bbox 1683 778 1866 848; x_wconf 85' lang='lat' dir='ltr'>enim</span> <span class='ocrx_word' id='word_1_30' title='bbox 1936 782 2332 875; x_wconf 84' lang='lat' dir='ltr'>pervicacia</span> <span class='ocrx_word' id='word_1_31' title='bbox 2401 780 2814 865; x_wconf 72' lang='lat' dir='ltr'>&#39;mirabiliter</span> 
     </span>
     <span class='ocr_line' id='line_1_5' title="bbox 413 868 2818 983; baseline 0.004 -34"><span class='ocrx_word' id='word_1_32' title='bbox 413 878 639 949; x_wconf 84' lang='lat' dir='ltr'>crevit</span> <span class='ocrx_word' id='word_1_33' title='bbox 664 925 687 960; x_wconf 92' lang='lat'><strong><em>,</em></strong></span> <span class='ocrx_word' id='word_1_34' title='bbox 722 876 797 948; x_wconf 90' lang='lat'>&amp;</span> <span class='ocrx_word' id='word_1_35' title='bbox 827 874 953 967; x_wconf 87' lang='lat' dir='ltr'>qui</span> <span class='ocrx_word' id='word_1_36' title='bbox 986 894 1099 943; x_wconf 88' lang='lat' dir='ltr'>res</span> <span class='ocrx_word' id='word_1_37' title='bbox 1133 872 1393 945; x_wconf 82' lang='lat' dir='ltr'>nostras</span> <span class='ocrx_word' id='word_1_38' title='bbox 1430 868 1942 957; x_wconf 79' lang='lat' dir='ltr'>administrant,</span> <span class='ocrx_word' id='word_1_39' title='bbox 1991 898 2135 948; x_wconf 89' lang='lat' dir='ltr'>non</span> <span class='ocrx_word' id='word_1_40' title='bbox 2181 880 2476 951; x_wconf 87' lang='lat' dir='ltr'>multum</span> <span class='ocrx_word' id='word_1_41' title='bbox 2516 880 2660 983; x_wconf 86' lang='lat' dir='ltr'>spei</span> <span class='ocrx_word' id='word_1_42' title='bbox 2687 888 2818 959; x_wconf 88' lang='lat' dir='ltr'>ha-</span> 
     </span>
     <span class='ocr_line' id='line_1_6' title="bbox 412 965 2810 1066; baseline 0.005 -23"><span class='ocrx_word' id='word_1_43' title='bbox 412 968 623 1056; x_wconf 83' lang='lat' dir='ltr'>bent,</span> <span class='ocrx_word' id='word_1_44' title='bbox 686 968 891 1057; x_wconf 89' lang='lat' dir='ltr'>inde,</span> <span class='ocrx_word' id='word_1_45' title='bbox 957 965 1117 1062; x_wconf 87' lang='lat' dir='ltr'>post</span> <span class='ocrx_word' id='word_1_46' title='bbox 1164 989 1275 1041; x_wconf 89' lang='lat' dir='ltr'>tot</span> <span class='ocrx_word' id='word_1_47' title='bbox 1324 970 1627 1041; x_wconf 84' lang='lat' dir='ltr'>remedia</span> <span class='ocrx_word' id='word_1_48' title='bbox 1682 986 1949 1041; x_wconf 84' lang='lat' dir='ltr'>tentata</span> <span class='ocrx_word' id='word_1_49' title='bbox 1982 1020 2006 1057; x_wconf 87' lang='lat'>‚</span> <span class='ocrx_word' id='word_1_50' title='bbox 2073 973 2444 1066; x_wconf 87' lang='lat' dir='ltr'>quicquam</span> <span class='ocrx_word' id='word_1_51' title='bbox 2501 980 2810 1054; x_wconf 75' lang='lat' dir='ltr'>melioris</span> 
     </span>
    </p>
   </div>
   <div class='ocr_carea' id='block_1_3' title="bbox 260 1062 2812 1163">
    <p class='ocr_par' dir='ltr' id='par_1_3' title="bbox 260 1062 2812 1163">
     <span class='ocr_line' id='line_1_7' title="bbox 260 1062 2812 1163; baseline -0.001 -22"><span class='ocrx_word' id='word_1_52' title='bbox 260 1106 271 1114; x_wconf 94' lang='lat'>·</span> <span class='ocrx_word' id='word_1_53' title='bbox 410 1066 681 1141; x_wconf 80' lang='lat' dir='ltr'>confilii</span> <span class='ocrx_word' id='word_1_54' title='bbox 710 1067 995 1138; x_wconf 83' lang='lat' dir='ltr'>allatum</span> <span class='ocrx_word' id='word_1_55' title='bbox 1034 1062 1119 1133; x_wconf 91' lang='lat' dir='ltr'>iri</span> <span class='ocrx_word' id='word_1_56' title='bbox 1144 1111 1164 1144; x_wconf 90' lang='lat'>,</span> <span class='ocrx_word' id='word_1_57' title='bbox 1213 1084 1691 1136; x_wconf 82' lang='lat' dir='ltr'>verumtamen</span> <span class='ocrx_word' id='word_1_58' title='bbox 1736 1064 1809 1134; x_wconf 90' lang='lat' dir='ltr'>in</span> <span class='ocrx_word' id='word_1_59' title='bbox 1865 1063 2072 1139; x_wconf 88' lang='lat' dir='ltr'>rebus</span> <span class='ocrx_word' id='word_1_60' title='bbox 2117 1066 2497 1163; x_wconf 85' lang='lat' dir='ltr'>desperatis</span> <span class='ocrx_word' id='word_1_61' title='bbox 2555 1074 2648 1147; x_wconf 84' lang='lat' dir='ltr'>ad</span> <span class='ocrx_word' id='word_1_62' title='bbox 2711 1075 2812 1149; x_wconf 57' lang='lat' dir='ltr'>sa·-</span> 
     </span>
    </p>
   </div>
   <div class='ocr_carea' id='block_1_4' title="bbox 409 1154 2904 1933">
    <p class='ocr_par' dir='ltr' id='par_1_4' title="bbox 409 1154 2904 1933">
     <span class='ocr_line' id='line_1_8' title="bbox 412 1154 2809 1265; baseline -0.003 -28"><span class='ocrx_word' id='word_1_63' title='bbox 412 1186 599 1237; x_wconf 85' lang='lat' dir='ltr'>cram</span> <span class='ocrx_word' id='word_1_64' title='bbox 631 1162 1005 1235; x_wconf 84' lang='lat' dir='ltr'>anchoram</span> <span class='ocrx_word' id='word_1_65' title='bbox 1048 1160 1541 1231; x_wconf 82' lang='lat' dir='ltr'>recurrendum</span> <span class='ocrx_word' id='word_1_66' title='bbox 1598 1154 1721 1229; x_wconf 90' lang='lat' dir='ltr'>est.</span> <span class='ocrx_word' id='word_1_67' title='bbox 1824 1157 2221 1256; x_wconf 82' lang='lat' dir='ltr'>eonjugem</span> <span class='ocrx_word' id='word_1_68' title='bbox 2277 1164 2670 1265; x_wconf 71' lang='lat' dir='ltr'>liberosque</span> <span class='ocrx_word' id='word_1_69' title='bbox 2705 1192 2809 1246; x_wconf 73' lang='lat' dir='ltr'>te..</span> 
     </span>
     <span class='ocr_line' id='line_1_9' title="bbox 409 1250 2904 1357; baseline 0.002 -24"><span class='ocrx_word' id='word_1_70' title='bbox 409 1280 573 1333; x_wconf 89' lang='lat' dir='ltr'>cum</span> <span class='ocrx_word' id='word_1_71' title='bbox 618 1256 916 1330; x_wconf 83' lang='lat' dir='ltr'><strong>reduces</strong></span> <span class='ocrx_word' id='word_1_72' title='bbox 987 1253 1229 1326; x_wconf 87' lang='lat' dir='ltr'>videre</span> <span class='ocrx_word' id='word_1_73' title='bbox 1298 1276 1725 1349; x_wconf 85' lang='lat' dir='ltr'><strong>magnopere</strong></span> <span class='ocrx_word' id='word_1_74' title='bbox 1790 1252 2254 1334; x_wconf 78' lang='lat' dir='ltr'>defideramus</span> <span class='ocrx_word' id='word_1_75' title='bbox 2291 1310 2318 1346; x_wconf 84' lang='lat'><em>,</em></span> <span class='ocrx_word' id='word_1_76' title='bbox 2389 1266 2530 1357; x_wconf 64' lang='lat' dir='ltr'>jam</span> <span class='ocrx_word' id='word_1_77' title='bbox 2619 1267 2820 1339; x_wconf 85' lang='lat' dir='ltr'>enim·</span> <span class='ocrx_word' id='word_1_78' title='bbox 2897 1250 2904 1257; x_wconf 46' lang='lat'>⁵</span> 
     </span>
     <span class='ocr_line' id='line_1_10' title="bbox 492 1348 2794 1450; baseline 0.001 -23"><span class='ocrx_word' id='word_1_79' title='bbox 492 1357 504 1369; x_wconf 87' lang='lat'><strong><em>‘</em></strong></span> <span class='ocrx_word' id='word_1_80' title='bbox 540 1353 772 1450; x_wconf 85' lang='lat' dir='ltr'>panici</span> <span class='ocrx_word' id='word_1_81' title='bbox 838 1351 995 1434; x_wconf 81' lang='lat' dir='ltr'>coeli</span> <span class='ocrx_word' id='word_1_82' title='bbox 1075 1348 1409 1443; x_wconf 84' lang='lat' dir='ltr'>pertaesos</span> <span class='ocrx_word' id='word_1_83' title='bbox 1484 1348 1674 1443; x_wconf 86' lang='lat' dir='ltr'>ipsos</span> <span class='ocrx_word' id='word_1_84' title='bbox 1748 1351 2199 1437; x_wconf 83' lang='lat' dir='ltr'>arbitramur,</span> <span class='ocrx_word' id='word_1_85' title='bbox 2271 1354 2352 1429; x_wconf 75' lang='grc' dir='ltr'>δε</span> <span class='ocrx_word' id='word_1_86' title='bbox 2395 1354 2536 1433; x_wconf 82' lang='lat' dir='ltr'>sese</span> <span class='ocrx_word' id='word_1_87' title='bbox 2587 1360 2794 1435; x_wconf 86' lang='lat' dir='ltr'>isthic</span> 
     </span>
     <span class='ocr_line' id='line_1_11' title="bbox 411 1448 2803 1539; baseline -0.001 -14"><span class='ocrx_word' id='word_1_88' title='bbox 411 1451 537 1525; x_wconf 84' lang='lat' dir='ltr'>abs</span> <span class='ocrx_word' id='word_1_89' title='bbox 576 1472 649 1523; x_wconf 90' lang='lat' dir='ltr'>te</span> <span class='ocrx_word' id='word_1_90' title='bbox 678 1448 979 1539; x_wconf 86' lang='lat' dir='ltr'>relinqui</span> <span class='ocrx_word' id='word_1_91' title='bbox 1022 1468 1169 1517; x_wconf 89' lang='lat' dir='ltr'>non</span> <span class='ocrx_word' id='word_1_92' title='bbox 1276 1466 1565 1519; x_wconf 84' lang='lat' dir='ltr'>oterunt</span> <span class='ocrx_word' id='word_1_93' title='bbox 1596 1467 1740 1517; x_wconf 91' lang='lat' dir='ltr'>non</span> <span class='ocrx_word' id='word_1_94' title='bbox 1779 1448 2037 1523; x_wconf 83' lang='lat' dir='ltr'>dolere.</span> <span class='ocrx_word' id='word_1_95' title='bbox 2794 1487 2803 1495; x_wconf 94' lang='lat'><strong>·</strong></span> 
     </span>
     <span class='ocr_line' id='line_1_12' title="bbox 506 1540 2804 1638; baseline 0.004 -21"><span class='ocrx_word' id='word_1_96' title='bbox 506 1543 929 1619; x_wconf 85' lang='lat' dir='ltr'>Vanderano</span> <span class='ocrx_word' id='word_1_97' title='bbox 962 1543 1147 1638; x_wconf 84' lang='lat' dir='ltr'>patri</span> <span class='ocrx_word' id='word_1_98' title='bbox 1222 1540 1576 1635; x_wconf 77' lang='lat' dir='ltr'>ignificavi</span> <span class='ocrx_word' id='word_1_99' title='bbox 1612 1564 1777 1636; x_wconf 84' lang='lat' dir='ltr'>qoae</span> <span class='ocrx_word' id='word_1_100' title='bbox 1806 1541 2134 1617; x_wconf 84' lang='lat' dir='ltr'>schedula</span> <span class='ocrx_word' id='word_1_101' title='bbox 2163 1545 2534 1622; x_wconf 77' lang='lat' dir='ltr'>novistimis</span> <span class='ocrx_word' id='word_1_102' title='bbox 2585 1552 2804 1626; x_wconf 77' lang='lat' dir='ltr'>literis</span> 
     </span>
     <span class='ocr_line' id='line_1_13' title="bbox 409 1636 2806 1743; baseline 0.002 -27"><span class='ocrx_word' id='word_1_103' title='bbox 409 1642 547 1717; x_wconf 82' lang='lat' dir='ltr'>tuis</span> <span class='ocrx_word' id='word_1_104' title='bbox 585 1636 843 1714; x_wconf 84' lang='lat' dir='ltr'>inclusa</span> <span class='ocrx_word' id='word_1_105' title='bbox 877 1637 1317 1723; x_wconf 84' lang='lat' dir='ltr'>continebat,</span> <span class='ocrx_word' id='word_1_106' title='bbox 1347 1638 1442 1709; x_wconf 68' lang='grc' dir='ltr'>ἂ</span> <span class='ocrx_word' id='word_1_107' title='bbox 1480 1658 1615 1733; x_wconf 87' lang='lat' dir='ltr'>pro</span> <span class='ocrx_word' id='word_1_108' title='bbox 1650 1660 1797 1733; x_wconf 90' lang='lat' dir='ltr'>quo</span> <span class='ocrx_word' id='word_1_109' title='bbox 1830 1660 2114 1733; x_wconf 82' lang='lat' dir='ltr'>magnas</span> <span class='ocrx_word' id='word_1_110' title='bbox 2150 1643 2280 1715; x_wconf 88' lang='lat' dir='ltr'>tibi</span> <span class='ocrx_word' id='word_1_111' title='bbox 2317 1646 2574 1737; x_wconf 83' lang='lat' dir='ltr'>gratias</span> <span class='ocrx_word' id='word_1_112' title='bbox 2614 1651 2756 1743; x_wconf 86' lang='lat' dir='ltr'>agit</span> <span class='ocrx_word' id='word_1_113' title='bbox 2781 1700 2806 1735; x_wconf 90' lang='lat'><strong><em>,</em></strong></span> 
     </span>
     <span class='ocr_line' id='line_1_14' title="bbox 410 1734 2811 1833; baseline -0.001 -22"><span class='ocrx_word' id='word_1_114' title='bbox 410 1736 769 1833; x_wconf 79' lang='lat' dir='ltr'>filiumque</span> <span class='ocrx_word' id='word_1_115' title='bbox 800 1734 927 1807; x_wconf 89' lang='lat' dir='ltr'>tibi</span> <span class='ocrx_word' id='word_1_116' title='bbox 973 1736 1175 1809; x_wconf 82' lang='lat' dir='ltr'>etiam</span> <span class='ocrx_word' id='word_1_117' title='bbox 1208 1753 1423 1827; x_wconf 81' lang='lat' dir='ltr'>atque</span> <span class='ocrx_word' id='word_1_118' title='bbox 1454 1734 1661 1807; x_wconf 83' lang='lat' dir='ltr'>etiam</span> <span class='ocrx_word' id='word_1_119' title='bbox 1706 1736 2181 1809; x_wconf 86' lang='lat' dir='ltr'>commendari</span> <span class='ocrx_word' id='word_1_120' title='bbox 2233 1742 2455 1833; x_wconf 87' lang='lat' dir='ltr'>cupit.</span> <span class='ocrx_word' id='word_1_121' title='bbox 2557 1741 2678 1816; x_wconf 90' lang='lat' dir='ltr'>De</span> <span class='ocrx_word' id='word_1_122' title='bbox 2706 1764 2811 1816; x_wconf 54' lang='grc' dir='ltr'>τε),</span> 
     </span>
     <span class='ocr_line' id='line_1_15' title="bbox 409 1826 2810 1933; baseline 0.001 -22"><span class='ocrx_word' id='word_1_123' title='bbox 409 1856 563 1911; x_wconf 75' lang='lat' dir='ltr'>rum</span> <span class='ocrx_word' id='word_1_124' title='bbox 596 1832 982 1906; x_wconf 85' lang='lat' dir='ltr'>nostrarum</span> <span class='ocrx_word' id='word_1_125' title='bbox 1016 1826 1320 1903; x_wconf 72' lang='lat' dir='ltr'>successu</span> <span class='ocrx_word' id='word_1_126' title='bbox 1368 1830 1543 1903; x_wconf 86' lang='lat' dir='ltr'>nihil</span> <span class='ocrx_word' id='word_1_127' title='bbox 1572 1830 1747 1903; x_wconf 88' lang='lat' dir='ltr'>libet</span> <span class='ocrx_word' id='word_1_128' title='bbox 1784 1828 2086 1903; x_wconf 86' lang='lat' dir='ltr'>scribere</span> <span class='ocrx_word' id='word_1_129' title='bbox 2107 1888 2126 1917; x_wconf 85' lang='lat'>,</span> <span class='ocrx_word' id='word_1_130' title='bbox 2177 1829 2296 1907; x_wconf 87' lang='lat' dir='ltr'>sed</span> <span class='ocrx_word' id='word_1_131' title='bbox 2337 1838 2674 1933; x_wconf 90' lang='lat' dir='ltr'>quicquid</span> <span class='ocrx_word' id='word_1_132' title='bbox 2710 1839 2810 1913; x_wconf 88' lang='lat' dir='ltr'>est</span> 
     </span>
    </p>
   </div>
   <div class='ocr_carea' id='block_1_5' title="bbox 407 1920 2806 2199">
    <p class='ocr_par' dir='ltr' id='par_1_5' title="bbox 407 1920 2806 2199">
     <span class='ocr_line' id='line_1_16' title="bbox 407 1920 2806 2027; baseline 0.003 -24"><span class='ocrx_word' id='word_1_133' title='bbox 407 1957 449 2005; x_wconf 87' lang='lat' dir='ltr'>e</span> <span class='ocrx_word' id='word_1_134' title='bbox 472 1952 555 2001; x_wconf 84' lang='lat' dir='ltr'>us</span> <span class='ocrx_word' id='word_1_135' title='bbox 612 1929 749 2013; x_wconf 87' lang='lat' dir='ltr'>rei,</span> <span class='ocrx_word' id='word_1_136' title='bbox 800 1922 1104 1997; x_wconf 76' lang='lat' dir='ltr'>exaffius</span> <span class='ocrx_word' id='word_1_137' title='bbox 1133 1944 1219 1996; x_wconf 83' lang='lat' dir='ltr'>ex</span> <span class='ocrx_word' id='word_1_138' title='bbox 1260 1920 1773 1999; x_wconf 80' lang='lat' dir='ltr'>Gubernatoris</span> <span class='ocrx_word' id='word_1_139' title='bbox 1812 1924 2028 1997; x_wconf 90' lang='lat' dir='ltr'>nostri</span> <span class='ocrx_word' id='word_1_140' title='bbox 2059 1928 2320 2014; x_wconf 77' lang='lat' dir='ltr'>literiS,</span> <span class='ocrx_word' id='word_1_141' title='bbox 2371 1935 2498 2027; x_wconf 88' lang='lat' dir='ltr'>qui</span> <span class='ocrx_word' id='word_1_142' title='bbox 2537 1934 2680 2007; x_wconf 90' lang='lat' dir='ltr'>huc</span> <span class='ocrx_word' id='word_1_143' title='bbox 2712 1958 2806 2009; x_wconf 79' lang='lat' dir='ltr'>ex</span> 
     </span>
     <span class='ocr_line' id='line_1_17' title="bbox 407 1957 2803 2116; baseline 0.001 -15"><span class='ocrx_word' id='word_1_144' title='bbox 407 1957 803 2116; x_wconf 58' lang='lat' dir='ltr'>sintverpia</span> <span class='ocrx_word' id='word_1_145' title='bbox 852 2018 1101 2111; x_wconf 85' lang='lat' dir='ltr'>rediit&#39;,</span> <span class='ocrx_word' id='word_1_146' title='bbox 1148 2016 1549 2115; x_wconf 83' lang='lat' dir='ltr'>cognosces.</span> <span class='ocrx_word' id='word_1_147' title='bbox 1648 2019 1843 2093; x_wconf 86' lang='lat' dir='ltr'>Bene</span> <span class='ocrx_word' id='word_1_148' title='bbox 1889 2023 2098 2111; x_wconf 84' lang='lat' dir='ltr'>vale,</span> <span class='ocrx_word' id='word_1_149' title='bbox 2145 2022 2592 2103; x_wconf 56' lang='lat' dir='ltr'>Hormine</span> <span class='ocrx_word' id='word_1_150' title='bbox 2647 2028 2803 2104; x_wconf 83' lang='lat' dir='ltr'>CL.</span> 
     </span>
     <span class='ocr_line' id='line_1_18' title="bbox 409 2114 1913 2199; baseline -0.007 0"><span class='ocrx_word' id='word_1_151' title='bbox 409 2120 779 2199; x_wconf 77' lang='lat' dir='ltr'>Bruxellae.</span> <span class='ocrx_word' id='word_1_152' title='bbox 825 2137 1043 2191; x_wconf 84' lang='lat' dir='ltr'>xv111.</span> <span class='ocrx_word' id='word_1_153' title='bbox 1090 2114 1300 2191; x_wconf 87' lang='lat' dir='ltr'>Febr.</span> <span class='ocrx_word' id='word_1_154' title='bbox 1350 2136 1477 2191; x_wconf 83' lang='lat' dir='ltr'>c1o</span> <span class='ocrx_word' id='word_1_155' title='bbox 1538 2134 1622 2191; x_wconf 72' lang='lat'>1³</span> <span class='ocrx_word' id='word_1_156' title='bbox 1671 2136 1913 2191; x_wconf 71' lang='lat' dir='ltr'>Lxxvr.</span> 
     </span>
    </p>
   </div>
   <div class='ocr_carea' id='block_1_6' title="bbox 266 2342 2808 2731">
    <p class='ocr_par' dir='ltr' id='par_1_6' title="bbox 266 2342 2808 2731">
     <span class='ocr_line' id='line_1_19' title="bbox 686 2342 2544 2466; baseline -0.001 -5"><span class='ocrx_word' id='word_1_157' title='bbox 686 2342 1703 2461; x_wconf 82' lang='lat' dir='ltr'><strong>EPISTOLA</strong></span> <span class='ocrx_word' id='word_1_158' title='bbox 1856 2342 2544 2466; x_wconf 87' lang='lat' dir='ltr'>CCLXIV.</span> 
     </span>
     <span class='ocr_line' id='line_1_20' title="bbox 266 2556 2808 2731; baseline -0.004 -23"><span class='ocrx_word' id='word_1_159' title='bbox 266 2618 273 2623; x_wconf 73' lang='grc'>’</span> <span class='ocrx_word' id='word_1_160' title='bbox 408 2618 603 2708; x_wconf 73' lang='lat' dir='ltr'>Rex</span> <span class='ocrx_word' id='word_1_161' title='bbox 646 2556 1089 2731; x_wconf 66' lang='lat' dir='ltr'>firipfirat</span> <span class='ocrx_word' id='word_1_162' title='bbox 1108 2675 1132 2715; x_wconf 92' lang='lat'><strong>,</strong></span> <span class='ocrx_word' id='word_1_163' title='bbox 1188 2608 1683 2727; x_wconf 80' lang='lat' dir='ltr'>Hopperum</span> <span class='ocrx_word' id='word_1_164' title='bbox 1728 2636 1912 2696; x_wconf 85' lang='lat' dir='ltr'>cum</span> <span class='ocrx_word' id='word_1_165' title='bbox 1951 2606 2430 2697; x_wconf 73' lang='lat' dir='ltr'>Mat-chione</span> <span class='ocrx_word' id='word_1_166' title='bbox 2487 2612 2587 2699; x_wconf 76' lang='lat' dir='ltr'>de</span> <span class='ocrx_word' id='word_1_167' title='bbox 2627 2562 2808 2699; x_wconf 68' lang='lat' dir='ltr'>Ha-</span> 
     </span>
    </p>
   </div>
   <div class='ocr_carea' id='block_1_7' title="bbox 410 2722 2890 4197">
    <p class='ocr_par' dir='ltr' id='par_1_7' title="bbox 410 2722 2890 4197">
     <span class='ocr_line' id='line_1_21' title="bbox 522 2722 2804 2840; baseline -0.003 -21"><span class='ocrx_word' id='word_1_168' title='bbox 522 2738 669 2819; x_wconf 74' lang='lat' dir='ltr'>vre</span> <span class='ocrx_word' id='word_1_169' title='bbox 730 2733 1310 2829; x_wconf 77' lang='lat' dir='ltr'>adventurum3</span> <span class='ocrx_word' id='word_1_170' title='bbox 1368 2724 1577 2810; x_wconf 84' lang='lat' dir='ltr'>unde</span> <span class='ocrx_word' id='word_1_171' title='bbox 1626 2751 1918 2839; x_wconf 86' lang='lat' dir='ltr'>magna</span> <span class='ocrx_word' id='word_1_172' title='bbox 1961 2722 2576 2837; x_wconf 82' lang='lat' dir='ltr'>provincialium</span> <span class='ocrx_word' id='word_1_173' title='bbox 2607 2724 2804 2840; x_wconf 82' lang='lat' dir='ltr'>spes</span> 
     </span>
     <span class='ocr_line' id='line_1_22' title="bbox 522 2833 2802 3041; baseline -0.003 -110"><span class='ocrx_word' id='word_1_174' title='bbox 522 2863 713 2931; x_wconf 84' lang='lat' dir='ltr'>nata</span> <span class='ocrx_word' id='word_1_175' title='bbox 728 2878 757 2931; x_wconf 92' lang='lat'>.·</span> <span class='ocrx_word' id='word_1_176' title='bbox 814 2870 976 2959; x_wconf 84' lang='lat' dir='ltr'>qua</span> <span class='ocrx_word' id='word_1_177' title='bbox 1000 2836 1459 2951; x_wconf 83' lang='lat' dir='ltr'>frustratus</span> <span class='ocrx_word' id='word_1_178' title='bbox 1473 2898 1502 2941; x_wconf 89' lang='lat'><strong><em>,</em></strong></span> <span class='ocrx_word' id='word_1_179' title='bbox 1556 2837 1763 2923; x_wconf 80' lang='lat' dir='ltr'>redit</span> <span class='ocrx_word' id='word_1_180' title='bbox 1808 2834 1974 3041; x_wconf 50' lang='lat' dir='ltr'>iplg&#39;e</span> <span class='ocrx_word' id='word_1_181' title='bbox 2031 2838 2148 2921; x_wconf 85' lang='lat' dir='ltr'>ad</span> <span class='ocrx_word' id='word_1_182' title='bbox 2174 2833 2585 2947; x_wconf 82' lang='lat' dir='ltr'>scribendi</span> <span class='ocrx_word' id='word_1_183' title='bbox 2633 2868 2802 2925; x_wconf 86' lang='lat' dir='ltr'>con-</span> 
     </span>
     <span class='ocr_line' id='line_1_23' title="bbox 503 2947 2802 3072; baseline -0.003 -30"><span class='ocrx_word' id='word_1_184' title='bbox 503 2956 1025 3072; x_wconf 80' lang='lat' dir='ltr'>suetudinem.</span> <span class='ocrx_word' id='word_1_185' title='bbox 1150 2948 1749 3041; x_wconf 79' lang='lat' dir='ltr'>Gubernatoris</span> <span class='ocrx_word' id='word_1_186' title='bbox 1911 2947 2300 3062; x_wconf 76' lang='lat' dir='ltr'>equefi’nii</span> <span class='ocrx_word' id='word_1_187' title='bbox 2377 2978 2633 3056; x_wconf 61' lang='lat' dir='ltr'>mors,</span> <span class='ocrx_word' id='word_1_188' title='bbox 2704 2979 2802 3036; x_wconf 82' lang='lat' dir='ltr'>ac</span> 
     </span>
     <span class='ocr_line' id='line_1_24' title="bbox 522 3058 2890 3181; baseline -0.004 -26"><span class='ocrx_word' id='word_1_189' title='bbox 522 3072 721 3157; x_wconf 82' lang='lat' dir='ltr'>laus.</span> <span class='ocrx_word' id='word_1_190' title='bbox 842 3066 1063 3181; x_wconf 74' lang='lat' dir='ltr'>Quid</span> <span class='ocrx_word' id='word_1_191' title='bbox 1138 3092 1319 3151; x_wconf 86' lang='lat' dir='ltr'>eum</span> <span class='ocrx_word' id='word_1_192' title='bbox 1410 3070 1490 3149; x_wconf 83' lang='lat' dir='ltr'>in</span> <span class='ocrx_word' id='word_1_193' title='bbox 1544 3082 1815 3149; x_wconf 83' lang='lat' dir='ltr'>ratum</span> <span class='ocrx_word' id='word_1_194' title='bbox 1880 3058 2156 3176; x_wconf 83' lang='lat' dir='ltr'>Belgis</span> <span class='ocrx_word' id='word_1_195' title='bbox 2203 3058 2533 3170; x_wconf 74' lang='lat' dir='ltr'>jecerit.</span> <span class='ocrx_word' id='word_1_196' title='bbox 2645 3060 2802 3151; x_wconf 81' lang='lat' dir='ltr'>De</span> <span class='ocrx_word' id='word_1_197' title='bbox 2878 3136 2890 3145; x_wconf 87' lang='lat'><strong>.</strong></span> 
     </span>
     <span class='ocr_line' id='line_1_25' title="bbox 410 3172 2804 3297; baseline -0.002 -29"><span class='ocrx_word' id='word_1_198' title='bbox 410 3238 421 3251; x_wconf 84' lang='lat'><strong>·</strong></span> <span class='ocrx_word' id='word_1_199' title='bbox 522 3180 769 3297; x_wconf 82' lang='lat' dir='ltr'>Reip.</span> <span class='ocrx_word' id='word_1_200' title='bbox 802 3178 1027 3291; x_wconf 83' lang='lat' dir='ltr'>statu</span> <span class='ocrx_word' id='word_1_201' title='bbox 1064 3174 1335 3293; x_wconf 81' lang='lat' dir='ltr'><em>ample</em></span> <span class='ocrx_word' id='word_1_202' title='bbox 1399 3206 1453 3262; x_wconf 91' lang='lat' dir='ltr'>a</span> <span class='ocrx_word' id='word_1_203' title='bbox 1568 3172 1882 3289; x_wconf 81' lang='lat' dir='ltr'>Regem</span> <span class='ocrx_word' id='word_1_204' title='bbox 1931 3194 2088 3289; x_wconf 84' lang='lat' dir='ltr'>per</span> <span class='ocrx_word' id='word_1_205' title='bbox 2119 3179 2496 3288; x_wconf 74' lang='lat' dir='ltr'>criptum.</span> <span class='ocrx_word' id='word_1_206' title='bbox 2610 3172 2804 3291; x_wconf 87' lang='lat' dir='ltr'>Ipse</span> 
     </span>
     <span class='ocr_line' id='line_1_26' title="bbox 522 3282 2802 3410; baseline -0.004 -28"><span class='ocrx_word' id='word_1_207' title='bbox 522 3300 751 3384; x_wconf 82' lang='lat' dir='ltr'>domo</span> <span class='ocrx_word' id='word_1_208' title='bbox 771 3292 1063 3410; x_wconf 85' lang='lat' dir='ltr'>pedem</span> <span class='ocrx_word' id='word_1_209' title='bbox 1101 3316 1252 3376; x_wconf 85' lang='lat' dir='ltr'>non</span> <span class='ocrx_word' id='word_1_210' title='bbox 1288 3282 1589 3397; x_wconf 81' lang='lat' dir='ltr'>efferre</span> <span class='ocrx_word' id='word_1_211' title='bbox 1600 3348 1630 3392; x_wconf 89' lang='lat'>‚</span> <span class='ocrx_word' id='word_1_212' title='bbox 1663 3312 1803 3374; x_wconf 85' lang='lat' dir='ltr'>nec</span> <span class='ocrx_word' id='word_1_213' title='bbox 1838 3285 2009 3376; x_wconf 88' lang='lat' dir='ltr'>Con</span> <span class='ocrx_word' id='word_1_214' title='bbox 2039 3285 2176 3374; x_wconf 73' lang='lat' dir='ltr'>dio</span> <span class='ocrx_word' id='word_1_215' title='bbox 2208 3284 2460 3401; x_wconf 73' lang='lat' dir='ltr'>adeffie</span> <span class='ocrx_word' id='word_1_216' title='bbox 2475 3287 2758 3376; x_wconf 82' lang='lat' dir='ltr'>valens</span> <span class='ocrx_word' id='word_1_217' title='bbox 2773 3352 2802 3393; x_wconf 93' lang='lat'><strong>,</strong></span> 
     </span>
     <span class='ocr_line' id='line_1_27' title="bbox 526 3398 2802 3527; baseline -0.002 -31"><span class='ocrx_word' id='word_1_218' title='bbox 526 3412 851 3527; x_wconf 80' lang='lat' dir='ltr'>exponit</span> <span class='ocrx_word' id='word_1_219' title='bbox 868 3465 899 3513; x_wconf 87' lang='lat'>‚</span> <span class='ocrx_word' id='word_1_220' title='bbox 980 3423 1369 3521; x_wconf 83' lang='lat' dir='ltr'>quantum</span> <span class='ocrx_word' id='word_1_221' title='bbox 1420 3398 1883 3517; x_wconf 61' lang='lat' dir='ltr'>praestiterit</span> <span class='ocrx_word' id='word_1_222' title='bbox 1914 3459 1944 3503; x_wconf 89' lang='lat'>‚</span> <span class='ocrx_word' id='word_1_223' title='bbox 2006 3398 2419 3517; x_wconf 76' lang='lat' dir='ltr'>praeszdem</span> <span class='ocrx_word' id='word_1_224' title='bbox 2483 3400 2802 3511; x_wconf 64' lang='lat' dir='ltr'>Consilii</span> 
     </span>
     <span class='ocr_line' id='line_1_28' title="bbox 523 3510 2799 3635; baseline -0.004 -24"><span class='ocrx_word' id='word_1_225' title='bbox 523 3520 821 3613; x_wconf 78' lang='lat' dir='ltr'>Secrett&#39;</span> <span class='ocrx_word' id='word_1_226' title='bbox 910 3512 1355 3631; x_wconf 77' lang='lat' dir='ltr'>constitutffi’</span> <span class='ocrx_word' id='word_1_227' title='bbox 1367 3574 1399 3621; x_wconf 91' lang='lat'><strong><em>,</em></strong></span> <span class='ocrx_word' id='word_1_228' title='bbox 1454 3510 2119 3630; x_wconf 82' lang='lat' dir='ltr'>quemadmodum</span> <span class='ocrx_word' id='word_1_229' title='bbox 2150 3512 2376 3635; x_wconf 81' lang='lat' dir='ltr'>saepe</span> <span class='ocrx_word' id='word_1_230' title='bbox 2451 3522 2799 3619; x_wconf 61' lang='lat' dir='ltr'>mortain</span> 
     </span>
     <span class='ocr_line' id='line_1_29' title="bbox 522 3622 2802 3757; baseline -0.004 -33"><span class='ocrx_word' id='word_1_231' title='bbox 522 3634 641 3731; x_wconf 70' lang='lat'>&amp;⁹</span> <span class='ocrx_word' id='word_1_232' title='bbox 678 3632 924 3757; x_wconf 72' lang='lat' dir='ltr'>quam</span> <span class='ocrx_word' id='word_1_233' title='bbox 957 3654 1111 3719; x_wconf 87' lang='lat' dir='ltr'>non</span> <span class='ocrx_word' id='word_1_234' title='bbox 1152 3638 1353 3739; x_wconf 71' lang='lat' dir='ltr'>rede</span> <span class='ocrx_word' id='word_1_235' title='bbox 1395 3632 1479 3715; x_wconf 74' lang='lat' dir='ltr'>in</span> <span class='ocrx_word' id='word_1_236' title='bbox 1520 3622 1848 3733; x_wconf 77' lang='lat' dir='ltr'>Constlio</span> <span class='ocrx_word' id='word_1_237' title='bbox 1889 3624 2214 3734; x_wconf 86' lang='lat' dir='ltr'>Status,</span> <span class='ocrx_word' id='word_1_238' title='bbox 2268 3634 2578 3745; x_wconf 81' lang='lat' dir='ltr'>negotia</span> <span class='ocrx_word' id='word_1_239' title='bbox 2603 3628 2802 3716; x_wconf 76' lang='lat' dir='ltr'>diri-</span> 
     </span>
     <span class='ocr_line' id='line_1_30' title="bbox 508 3736 2801 3866; baseline -0.003 -29"><span class='ocrx_word' id='word_1_240' title='bbox 508 3770 847 3866; x_wconf 87' lang='lat' dir='ltr'>gantur.</span> <span class='ocrx_word' id='word_1_241' title='bbox 958 3738 1317 3855; x_wconf 60' lang='lat' dir='ltr'>Difficile</span> <span class='ocrx_word' id='word_1_242' title='bbox 1360 3738 1579 3855; x_wconf 69' lang='lat' dir='ltr'>Regi</span> <span class='ocrx_word' id='word_1_243' title='bbox 1602 3736 2000 3850; x_wconf 80' lang='lat' dir='ltr'>futurum</span> <span class='ocrx_word' id='word_1_244' title='bbox 2042 3737 2332 3855; x_wconf 72' lang='lat' dir='ltr'>scribit</span> <span class='ocrx_word' id='word_1_245' title='bbox 2353 3801 2384 3846; x_wconf 89' lang='lat'><strong><em>,</em></strong></span> <span class='ocrx_word' id='word_1_246' title='bbox 2431 3737 2801 3856; x_wconf 74' lang='lat' dir='ltr'>succeffo-</span> 
     </span>
     <span class='ocr_line' id='line_1_31' title="bbox 520 3852 2798 3970; baseline -0.003 -20"><span class='ocrx_word' id='word_1_247' title='bbox 520 3890 691 3951; x_wconf 85' lang='lat' dir='ltr'>rem</span> <span class='ocrx_word' id='word_1_248' title='bbox 788 3856 1381 3949; x_wconf 76' lang='lat' dir='ltr'>Gubernatoris</span> <span class='ocrx_word' id='word_1_249' title='bbox 1469 3853 1577 3940; x_wconf 82' lang='lat' dir='ltr'>eli</span> <span class='ocrx_word' id='word_1_250' title='bbox 1624 3880 1779 3942; x_wconf 80' lang='lat' dir='ltr'>ere.</span> <span class='ocrx_word' id='word_1_251' title='bbox 1894 3852 2204 3966; x_wconf 71' lang='lat' dir='ltr'>Exteri</span> <span class='ocrx_word' id='word_1_252' title='bbox 2287 3852 2512 3947; x_wconf 82' lang='lat' dir='ltr'>haud</span> <span class='ocrx_word' id='word_1_253' title='bbox 2597 3860 2798 3970; x_wconf 78' lang='lat' dir='ltr'>apn‘.</span> 
     </span>
     <span class='ocr_line' id='line_1_32' title="bbox 529 3882 2802 4089; baseline -0.004 -26"><span class='ocrx_word' id='word_1_254' title='bbox 529 3974 924 4089; x_wconf 73' lang='lat' dir='ltr'>Quamvis</span> <span class='ocrx_word' id='word_1_255' title='bbox 1006 3966 1341 4083; x_wconf 81' lang='lat' dir='ltr'>Confih&#39;o</span> <span class='ocrx_word' id='word_1_256' title='bbox 1402 3882 1657 4082; x_wconf 58' lang='lat' dir='ltr'>adeffi·</span> <span class='ocrx_word' id='word_1_257' title='bbox 1705 3994 1860 4055; x_wconf 85' lang='lat' dir='ltr'>non</span> <span class='ocrx_word' id='word_1_258' title='bbox 1913 3965 2274 4055; x_wconf 78' lang='lat' dir='ltr'>valuerit</span> <span class='ocrx_word' id='word_1_259' title='bbox 2289 4027 2321 4074; x_wconf 92' lang='lat'><strong><em>,</em></strong></span> <span class='ocrx_word' id='word_1_260' title='bbox 2375 3961 2802 4083; x_wconf 80' lang='lat' dir='ltr'>subsripstt</span> 
     </span>
     <span class='ocr_line' id='line_1_33' title="bbox 522 4076 2802 4197; baseline -0.004 -19"><span class='ocrx_word' id='word_1_261' title='bbox 522 4085 794 4179; x_wconf 84' lang='lat' dir='ltr'>tamen</span> <span class='ocrx_word' id='word_1_262' title='bbox 843 4082 1099 4173; x_wconf 68' lang='lat' dir='ltr'>literis</span> <span class='ocrx_word' id='word_1_263' title='bbox 1156 4086 1271 4172; x_wconf 85' lang='lat' dir='ltr'>ad</span> <span class='ocrx_word' id='word_1_264' title='bbox 1326 4079 1459 4171; x_wconf 82' lang='lat' dir='ltr'>Re</span> <span class='ocrx_word' id='word_1_265' title='bbox 1509 4109 1635 4168; x_wconf 89' lang='lat' dir='ltr'>em</span> <span class='ocrx_word' id='word_1_266' title='bbox 1688 4078 1946 4197; x_wconf 76' lang='lat' dir='ltr'>mtffis.</span> <span class='ocrx_word' id='word_1_267' title='bbox 2061 4076 2313 4172; x_wconf 81' lang='lat' dir='ltr'>Novo</span> <span class='ocrx_word' id='word_1_268' title='bbox 2382 4077 2802 4171; x_wconf 76' lang='lat' dir='ltr'>Guberna-</span> 
     </span>
    </p>
   </div>
   <div class='ocr_carea' id='block_1_8' title="bbox 521 4192 2802 4397">
    <p class='ocr_par' dir='ltr' id='par_1_8' title="bbox 521 4192 2802 4397">
     <span class='ocr_line' id='line_1_34' title="bbox 521 4192 2802 4392; baseline -0.005 -95"><span class='ocrx_word' id='word_1_269' title='bbox 521 4206 688 4297; x_wconf 72' lang='lat' dir='ltr'>torn·</span> <span class='ocrx_word' id='word_1_270' title='bbox 732 4218 1057 4319; x_wconf 84' lang='lat' dir='ltr'>operam</span> <span class='ocrx_word' id='word_1_271' title='bbox 1125 4224 1277 4289; x_wconf 81' lang='lat' dir='ltr'>non</span> <span class='ocrx_word' id='word_1_272' title='bbox 1342 4198 1447 4285; x_wconf 85' lang='lat' dir='ltr'>da</span> <span class='ocrx_word' id='word_1_273' title='bbox 1497 4200 1603 4303; x_wconf 76' lang='lat' dir='ltr'>it,</span> <span class='ocrx_word' id='word_1_274' title='bbox 1630 4192 1791 4313; x_wconf 86' lang='lat' dir='ltr'>sed</span> <span class='ocrx_word' id='word_1_275' title='bbox 1832 4193 2168 4313; x_wconf 65' lang='lat' dir='ltr'>concqffa</span> <span class='ocrx_word' id='word_1_276' title='bbox 2224 4193 2415 4293; x_wconf 78' lang='lat' dir='ltr'>olim</span> <span class='ocrx_word' id='word_1_277' title='bbox 2464 4192 2802 4392; x_wconf 62' lang='lat' dir='ltr'>miff{0”⁶</span> 
     </span>
     <span class='ocr_line' id='line_1_35' title="bbox 2497 4324 2802 4397; baseline 0.007 -2"><span class='ocrx_word' id='word_1_278' title='bbox 2497 4324 2635 4397; x_wconf 80' lang='lat' dir='ltr'>ute</span> <span class='ocrx_word' id='word_1_279' title='bbox 2671 4334 2802 4397; x_wconf 85' lang='lat' dir='ltr'>ur.</span> 
     </span>
    </p>
   </div>
  </div>
 </body>
</html>
