3700 4884
1852 61 1935 88 f..

403 286 1042 427 EPISTOLAE
1087 324 1276 423 AD
1327 321 1762 441 JoAcrt
1786 415 1795 422 .
1818 256 2542 458 mmmm
2576 359 2759 479 4³2

333 525 400 614 ¹.
435 528 622 646 felii
675 528 1254 627 commendatio
1277 529 1416 614 ad
1485 527 1782 638 locum·
1817 533 1905 616 in
1984 526 2325 638 Consilio
2400 531 2767 625 Secreto,-

454 642 680 756 Quas
734 645 934 733 aedes
988 639 1342 734 Levana·
1391 649 1678 730 emerit
1727 697 1730 706 ·
1797 670 1891 728 ro
1954 641 2301 758 Collegio
2361 647 2753 751 institueri-

448 759 573 878 do,
683 757 836 854 De
885 751 1374 893 libera-litate
1426 762 1507 841 in
1540 753 1648 872 fi‘
1788 761 1970 908 egid!
2022 755 2229 843 nihil
2251 756 2559 870 sperat.
2711 756 2718 763 ’

467 988 518 1041 x
566 963 894 1040 Flandria
931 987 1156 1063 nuper
1185 967 1460 1043 rediens
1507 965 2009 1060 Antverpiam,
2056 963 2212 1038 CL.
2244 965 2753 1060 D Horre1oe,

522 1065 758 1138 literas
793 1079 947 1152 tuas
1037 1064 1368 1136 enultima
1400 1063 1590 1157 junii
1634 1063 1922 1156 scriptas
1967 1063 2259 1157 accepi,
2308 1065 2595 1158 vidique
2630 1089 2757 1154 ea,

338 1183 496 1261 quae
549 1159 752 1256 super
817 1159 960 1230 Edi
1034 1183 1079 1232 o
1137 1155 1631 1258 Antverpiensi
1696 1155 1853 1230 Rex
1911 1161 1996 1230 ad
2048 1155 2400 1232 Duciss‘am
2442 1157 2760 1256 scripsit,

281 1261 292 1270 '
334 1281 504 1354 quae
559 1255 717 1329 sane
771 1255 1080 1328 omnium
1126 1255 1474 1329 bonorum
1527 1255 1991 1328 ministrorum
2046 1255 2191 1352 ejus
2231 1258 2542 1342 animos,
2594 1261 2761 1352 plus

338 1375 556 1451 quam
608 1351 753 1426 dici
809 1348 1081 1446 potest,
1129 1349 1521 1426 offendunt.
1625 1349 1812 1424 Cum
1843 1372 2075 1424 autem
2127 1355 2512 1426 communis
2548 1377 2627 1426 ea
2674 1352 2763 1426 fit
2860 1347 2867 1352 ’
2936 1341 2947 1359 ’

339 1447 794 1524 consistorum
845 1444 1078 1526 causa,
1123 1465 1274 1520 *non
1332 1445 1468 1534 est,
1521 1448 1718 1548 quod
1774 1469 1925 1521 eam
1985 1447 2179 1521 litem
2224 1471 2443 1522 meam
2482 1449 2757 1524 faciam,

195 1633 216 1648 N
343 1544 771 1642 Quanquam
859 1539 1125 1616 rosceto
1165 1543 1335 1615 mihi
1364 1547 1828 1640 graviffimum
1862 1543 1993 1628 est,
2044 1563 2187 1616 tam
2230 1547 2475 1618 duram
2522 1562 2760 1640 repre·

335 1639 744 1716 henfionem
846 1641 993 1733 egis
1030 1635 1168 1710 una
1221 1637 1548 1716 sustinere
1580 1693 1602 1724 ‚
1651 1644 1776 1738 qui
1826 1663 1971 1713 non
2004 1663 2150 1712 uno
2186 1644 2439 1736 capitis
2485 1645 2757 1739 pericu·

337 1742 417 1813 lo
469 1734 678 1812 fidem
725 1745 948 1808 meam
1005 1734 1364 1830 Majestati
1414 1737 1657 1835 Regiae
1705 1736 2231 1834 comprobatam
2280 1738 2751 1814 autumabam.

342 1833 661 1930 Quando
713 1854 947 1906 autem
980 1884 1000 1919 ,
1063 1830 1468 1927 postpositis
1510 1833 1830 1908 omnibus
1880 1831 2177 1907 servitiis
2212 1883 2233 1916 ,
2304 1836 2404 1907 eis
2458 1833 2757 1910 credere'

337 1931 616 2004 mavult
651 1981 676 2013 ‚
809 1930 878 2000 ui
926 1936 1054 1998 no‘s
1114 1927 1472 2003 manifeste
1537 1929 2137 2026 praevaricationis
2194 1929 2515 2004 adversus
2572 1929 2759 2003 Dat

338 2029 724 2120 honorem,
801 2047 1110 2119 numque
1158 2022 1512 2098 servitium
1558 2049 1717 2099 reos
1759 2044 1969 2120 agant
2005 2076 2027 2109 ,
2091 2022 2347 2097 saltem·
2387 2047 2520 2120 pro
2566 2027 2765 2100 omni

341 2123 672 2198 mercede
720 2121 1041 2222 praestare
1096 2120 1445 2206 debebat,
1495 2145 1584 2197 ne
1630 2119 1978 2194 inauditos
2004 2123 2527 2195 condemnaret.
2627 2121 2763 2192 Me

339 2215 542 2309 certe
560 2269 584 2304 ,
635 2216 796 2290 cum
827 2213 1222 2310 hujusmodi
1254 2219 1596 2288 caiumnia
1615 2266 1638 2302 ,
1685 2215 1953 2310 aspergi
1996 2237 2125 2286 nos
2160 2237 2399 2289 omnes
2433 2216 2711 2292 videam
2732 2267 2763 2300 ‚

342 2315 618 2399 taedet,
667 2315 1100 2408 poenitetque
1139 2330 1248 2384 tot
1285 2312 1558 2385 labores
1599 2309 1846 2383 frustra
1890 2307 2293 2408 perdidisse,
2346 2311 2764 2410 Deumque

343 2411 650 2507 precor,
702 2427 780 2480 ut
825 2425 886 2478 ae
940 2430 1024 2479 ue
1059 2405 1296 2480 fideles
1343 2407 1707 2482 servitores
1749 2407 1907 2481 Rex
1937 2410 2194 2495 inuitos
2236 2407 2584 2498 inveniat,
2638 2415 2761 2484 ne·

343 2529 498 2601 que
549 2509 769 2577 bonos
823 2501 864 2576 a
924 2526 1017 2575 uo
1056 2504 1434 2576 ministerio
1487 2505 1626 2577 hoc
1659 2505 1988 2599 exemplo
2023 2503 2440 2588 absterreat,
2486 2509 2753 2579 omnia-

341 2626 494 2696 que
516 2598 676 2674 cum
707 2598 1041 2684 fecerint,
1082 2596 1262 2690 servi
1299 2601 1581 2673 inutiles
1605 2599 2026 2687 habeantur,
2050 2601 2125 2674 &
2154 2623 2287 2694 pro
2312 2598 2505 2676 bono
2545 2625 2766 2696 ,opere

334 2698 771 2795 lapidentur.
873 2691 1180 2780 Verum,
1229 2695 1861 2783 miHorrmut,
1908 2697 2219 2808 judicare
2266 2721 2409 2772 non
2447 2698 2769 2795 possum,

343 2819 474 2871 eos
495 2848 518 2884 ,
574 2794 698 2887 qui
739 2793 904 2867 taiia
953 2787 1240 2866 confilia
1281 2791 1700 2892 suggerunt,
1747 2789 1933 2886 Regi
1956 2847 1977 2881 ‚
2027 2793 2606 2891 Reipublicaeque
2642 2797 2767 2868 be·

350 2913 447 2966 ne
495 2887 886 2964 consultum
941 2891 1126 2964 velle
1161 2937 1188 2970 ,
1237 2891 1358 2962 vel
1431 2887 1617 2966 reste
1673 2892 2067 2986 intelligere
2100 2941 2123 2972 ,
2190 2891 2363 2984 quid
2410 2893 2773 2986 expediat:

345 2985 473 3062 Ex
510 2982 678 3082 ipsis
715 2989 982 3081 quippe
1025 2985 1453 3070 rationibus,
1500 3009 1673 3084 quas
1713 2985 1802 3057 ad
1848 2983 2205 3058 Duciffam
2243 2985 2398 3060 Rex
2448 2989 2587 3059 una
2640 2989 2770 3060 mi·

346 3081 440 3161 fit
487 3135 510 3169 ,
563 3082 924 3156 evidenter
971 3079 1302 3178 cognosci
1343 3083 1572 3178 potest
1610 3133 1636 3170 ,
1707 3101 1965 3175 quanta
2010 3084 2396 3154 temeritate
2430 3087 2772 3184 pleraque

341 3177 899 3275 reprehendant.
999 3173 1292 3250 Utinam
1339 3179 1413 3254 &
1468 3177 1612 3273 ipse
1665 3198 1956 3252 eventus
2018 3199 2250 3250 rerum
2302 3201 2770 3278 cummagno

341 3275 604 3350 nostro
654 3271 1041 3347 discrimine
1073 3294 1214 3344 non
1245 3275 1590 3362 declaret,
1639 3297 1899 3370 quanta
1927 3274 2087 3348 inde
2119 3276 2565 3352 incommoda
2597 3300 2768 3354 con·

341 3371 759 3468 sequentur.
855 3367 996 3443 Vel
1061 3368 1234 3442 illud
1291 3393 1516 3452 unum.
1557 3373 1788 3468 cogita
1821 3422 1846 3456 ‚
1914 3369 2039 3442 ubi
2114 3374 2544 3448 intelleEtum
2590 3376 2771 3462 erit,

343 3493 504 3584 quo
543 3466 620 3537 in
656 3467 821 3540 loco
852 3489 984 3539 nos
1019 3461 1177 3541 Rex
1197 3465 1449 3540 habeat
1471 3519 1495 3552 ‚
1523 3489 1959 3564 quantopere
1994 3467 2196 3554 nohis
2219 3465 2587 3544 adversarii
2607 3472 2774 3545 Ma-

344 3563 634 3662 jestatis
688 3560 831 3637 suae
874 3558 1320 3636 insultabunt.
1417 3562 1516 3636 Et
1610 3585 1744 3639 uan
1799 3587 1955 3637 uam
2001 3567 2075 3638 in
2119 3567 2458 3662 aliquibus
2499 3569 2771 3660 impru-

189 3651 206 3658 ’
327 3660 648 3743 «ἃεηῑὶυε
695 3679 1002 3746 erratum
1059 3655 1292 3738 fuiffet
1329 3709 1367 3752 ‚
1429 3679 1584 3756 prae
1641 3661 1720 3736 iti
1776 3680 1847 3735 et
1900 3681 2130 3734 tamen
2190 3665 2265 3736 id
2308 3661 2769 3754 difficultate,
2892 3659 2901 3672 '

351 3779 582 3854 quarn
597 3753 998 3842 Duciffam}
1019 3775 1446 3852 caeterosque
1478 3755 1824 3844 ‚ministros
1843 3811 1865 3848 ‚
1890 3778 2031 3831 tam
2064 3753 2524 3852 ignominiose
2555 3778 2763 3834 exau·

349 3857 688 3936 thorare,
742 3853 778 3942 (
807 3851 950 3948 53)
1007 3849 1334 3936 raefertim
1359 3879 1532 3940 ,cum
1565 3851 2033 3932 revocationis
2086 3847 2409 3925 effefi'tum
2468 3855 2603 3930 alia
2655 3859 2778 3932 via

358 3947 702 4046 consequi
746 3877 1080 4038 neaufle,
1131 3949 1208 4030 &
1251 3954 1560 4067 generali
1593 3949 2048 4028 ordinatione
2076 3943 2285 4048 super
2315 3949 2787 4147 negotiqigig

447 4187 636 4277 (53)
673 4185 1796 4282 &autboeordynssnrtiumssbe
1823 4211 2019 4289 301³.
2051 4195 2227 4280 mihi
2266 4201 2423 4284 κισ,
2446 4196 2621 4268 Vsa.
