3700 4884
967 390 1137 498 384
1187 374 1678 496 VIGLJI
1731 402 1871 469 ΑΒ
1928 374 2449 469 AYTTA
2494 372 3289 472 ZUICHEMI*

965 572 1360 649 occasiones
1405 572 1844 657 amittantur3
1908 564 2101 663 quod
2138 570 2425 645 omnino
2464 590 2606 641 non
2640 570 2737 643 est
2771 576 3083 659 vanum‚‘
3128 573 3203 648 δι
3226 594 3361 649 eo·

969 694 1126 743 rum
1181 674 1536 745 hominum
1554 721 1575 754 ‚
1625 690 1804 762 quos
1862 662 1957 757 Q.
2008 664 2107 738 V.
2154 668 2354 738 novit
2404 667 2772 761 proprium
2810 684 2831 735 t
2880 689 3028 740 tum
3064 670 3143 743 δε
3174 690 3360 744 tem·

969 768 1133 861 pori
1181 784 1458 863 quoque
1507 762 1776 858 aliquid
1803 764 2292 855 imputandum
2324 762 2417 834 est
2438 813 2459 846 ,
2498 765 2627 835 cui
2658 783 2738 833 ut
2762 766 3139 855 plurimum
3170 786 3377 841 mer··

971 885 1280 937 catorum
1319 861 1621 932 rationes
1673 854 2121 931 subserviunt.
2224 856 2490 931 Verum
2534 860 2851 953 cogimur
2894 882 2981 932 ex
3007 861 3353 938 necestita-

969 980 1040 1031 te
1089 956 1320 1030 facere
1359 958 1726 1037 virtutem,
1781 954 1902 1035 dc,
1946 954 2303 1049 quomodo
2352 953 2589 1027 licebit
2611 1004 2637 1034 ,
2685 978 2815 1027 nos
2860 958 2932 1027 in
2978 955 3194 1051 Regis
3233 962 3357 1035 ad-

966 1076 1262 1127 ventum
1297 1050 1565 1125 servare
1579 1074 1607 1137 ,-
1655 1072 1863 1145 quem
1894 1072 2041 1145 quo
2070 1052 2349 1143 longius
2386 1046 2717 1145 Majestas
2765 1049 2885 1123 sua
2914 1049 3193 1128 differat
3213 1104 3239 1141 ‚
3258 1078 3351 1129 eo

968 1148 1318 1223 difficilius
1345 1150 1536 1242 quod
1565 1144 1794 1219 facere
1828 1146 2173 1233 intendit,
2220 1164 2640 1239 exequetur,
2688 1144 2851 1221 cum
2916 1148 3183 1223 interea
3230 1151 3356 1224 de-

965 1246 1256 1321 sciscere
1278 1298 1300 1333 ,
1347 1266 1467 1317 aut
1501 1242 1736 1317 saltem
1781 1262 1865 1313 ea
1914 1240 2199 1315 consilia
2226 1240 2405 1313 inire
2434 1242 2765 1315 maximas
2844 1264 3113 1339 uaeque
3142 1246 3359 1331 urbes

969 1343 1369 1427 videamus,
1439 1341 1693 1436 quibus
1754 1336 2084 1411 advertiis
2143 1334 2363 1433 Regis
2404 1338 2549 1410 vim
2598 1337 2666 1410 se
2714 1338 2759 1410 d
2834 1340 3091 1413 endere
3158 1340 3363 1437 posse

969 1437 1270 1535 sperent.
1367 1436 1468 1511 Et
1527 1456 1919 1531 quanquam
1969 1434 2219 1529 aliquae
2264 1430 2471 1505 urbes
2518 1435 2589 1505 in
2640 1431 2873 1508 officio
2928 1437 3159 1510 adhuc
3194 1440 3363 1513 reti·-

971 1556 1224 1609 nentur
1249 1588 1272 1623 ,
1321 1554 1644 1607 veremur
1675 1552 1904 1603 tamen
1929 1579 1952 1614 ,
2002 1552 2091 1602 ne
2126 1530 2214 1602 ad
2258 1528 2599 1623 longioris
2620 1550 2837 1603 morae
2854 1533 3355 1627 impatientiam

969 1630 1306 1705 accedant
1328 1682 1350 1717 ,
1399 1629 1644 1725 easque
1673 1626 2109 1701 exstimulent
2156 1628 2487 1699 continua
2520 1648 2763 1699 eorum
2788 1626 3045 1716 studia,
3095 1632 3355 1704 machi-

967 1728 1280 1801 nationes
1329 1750 1418 1799 ue
1437 1777 1464 1807 ,
1513 1726 1636 1820 qui
1691 1722 1876 1795 suam
1922 1726 2205 1817 culpam
2244 1724 2539 1795 aliorum
2584 1722 2908 1795 socictate
2938 1746 3357 1823 contegere,

970 1826 1096 1906 δι,
1142 1826 1244 1895 uti
1337 1844 1406 1907 t,
1456 1818 1929 1915 quovalidius
1957 1815 2261 1891 resistere
2278 1817 2570 1913 possint,
2614 1822 3159 1914 quamplurimos
3178 1825 3353 1898 alios

970 1919 1058 1993 ad
1093 1940 1537 1992 communem
1567 1911 2035 1991 defensionem
2068 1915 2429 1987 sollicitare
2462 1936 2605 1987 non
2634 1912 2967 1991 desinunt.

1066 2010 1244 2088 Non
1277 2012 1552 2111 poffum
1604 2032 1835 2086 autem
1874 2032 2019 2083 non
2056 2009 2197 2083 stne
2230 2032 2483 2105 magno
2516 2013 2723 2083 animi
2762 2010 3007 2087 dolore
3042 2010 3306 2089 referre
3328 2068 3357 2105 ,

972 2114 1161 2207 quod
1215 2110 1683 2185 Leovardiam
1724 2103 2031 2181 nostram
2060 2110 2203 2181 hoc
2232 2110 2415 2178 malo
2452 2126 2819 2203 tantopere
2860 2130 3148 2205 quoque
3184 2134 3357 2184 con-

970 2210 1370 2283 taminatam
1401 2206 1653 2292 video,
1699 2222 1780 2275 ut
1829 2226 2109 2277 omnem
2140 2222 2323 2300 pene
2362 2201 2551 2297 spem
2592 2203 2929 2277 amiserim
2974 2210 3357 2301 ejusmedu·
3449 2251 3465 2265 =

972 2307 1212 2379 cendae
1234 2355 1260 2394 ,
1311 2327 1469 2377 nam
1500 2300 1574 2374 ἃ
1611 2299 1949 2395 imagines
1979 2303 2374 2387 e'ecerunt,
2424 2302 2807 2395 altariaque
2836 2324 3243 2376 everterunt
3278 2306 3353 2377 in

970 2402 1190 2473 tribus
1232 2397 1750 2495 parochialibus
1805 2399 1995 2470 eccle
2050 2397 2152 2484 is,
2200 2392 2279 2469 δι
2332 2417 2557 2469 novos
2608 2395 2941 2471 admisere
2980 2401 3357 2475 conciona-

971 2517 1160 2569 tores
1193 2546 1216 2581 ‚
1263 2492 1535 2589 tresque
1570 2514 1806 2565 earum
1843 2490 2159 2565 pastores
2178 2540 2203 2579 ,
2254 2493 2436 2564 inter
2468 2514 2647 2586 quos
2676 2494 2775 2566 est
2820 2494 2991 2568 Silio
3032 2501 3171 2585 (τ.)
3214 2496 3359 2591 pri·-

973 2592 1228 2665 marius
1265 2592 1338 2662 in
1381 2592 1531 2661 aede
1583 2588 1682 2661 D.
1721 2584 1875 2659 Viti
1908 2584 2185 2670 Pastor,
2235 2588 2359 2681 qui
2388 2586 2715 2661 hactenus
2750 2588 2817 2662 se
2848 2588 3095 2665 errass'e
3129 2592 3363 2687 publi-

972 2708 1058 2759 ce
1093 2685 1364 2781 profeffi
1393 2738 1415 2771 ,
1463 2686 1554 2759 ad
1580 2680 1792 2757 seems
1818 2685 2051 2780 palam
2082 2681 2572 2769 desciverunt,
2620 2688 3189 2782 concubinasque
3201 2687 3353 2761 suas

977 2804 1144 2857 mox
1184 2781 1469 2877 publica
1528 2780 1953 2853 solemnitate
1986 2781 2059 2851 in
2092 2800 2341 2851 uxores
2378 2779 2759 2866 duxerunt,
2810 2806 2893 2855 ac
2916 2804 3011 2855 ne
3050 2784 3223 2878 quid
3254 2808 3361 2858 re-

973 2875 1275 2952 tinerent
1301 2874 1558 2953 veteris
1575 2876 1840 2951 ordinis
1862 2874 2388 2963 ‚sacerdotalem
2418 2879 2729 2949 habitum
2762 2881 3161 2976 abjecerunt
3185 2902 3209 2967 3
3255 2880 3361 2953 id·

917 3052 926 3073 ,
973 2997 1113 3071 que
1167 2972 1426 3049 fafitum
1473 2973 1925 3070 Magistratus
1998 2972 2447 3067 pertinaciter
2512 2973 2823 3048 defendit
2875 3024 2901 3061 ,
2970 2994 3051 3047 ut
3118 2998 3351 3072 repre-

971 3068 1294 3147 henfione
1335 3068 1901 3166 Arembergenfis
1953 3064 2271 3141 Praefec‘ti
2320 3088 2719 3165 contempta
2751 3124 2774 3157 ‚
2838 3092 2983 3143 rem
3034 3072 3123 3144 ad
3170 3094 3360 3146 arma

972 3188 1335 3243 venturam
1406 3188 1698 3251 verear3
1769 3168 1937 3239 dum
1981 3166 2097 3237 ille
2144 3165 2293 3239 arci
2332 3164 2645 3259 quotidie
2694 3169 2914 3262 magis
2960 3164 3363 3265 praeiidiutn

968 3265 1331 3359 imponere
1387 3266 1632 3367 nititur
1650 3317 1671 3349 ,
1693 3263 1915 3359 'quod
1966 3262 2158 3335 cives
2204 3262 2489 3355 indigne
2516 3258 2819 3335 ferentes
2850 3264 3229 3359 prohibere
3255 3264 3381 3337 saw

976 3380 1242 3453 tagunt.
1337 3357 1583 3433 Deus
1632 3360 1772 3432 illis
1813 3360 2166 3431 meliorem
2216 3356 2338 3430 det
2370 3378 2669 3432 mentem
2698 3412 2721 3445 ‚
2770 3357 2849 3432 &
2874 3408 2900 3446 ,
2946 3380 3037 3433 ne
3078 3362 3361 3457 longine

977 3454 1054 3543 id
1105 3458 1360 3529 malum
1410 3454 1639 3553 serpat
1661 3506 1682 3541 ,
1725 3455 2121 3549 prohibeat.
2220 3452 2449 3527 Sneca
2486 3454 2795 3529 nondum
2832 3456 2871 3529 a
2910 3460 3104 3549 peste
3134 3461 3363 3531 omni·
3418 3452 3425 3459 ’

981 3574 1075 3625 no
1103 3552 1322 3625 libera
1366 3551 1504 3641 est,
1551 3552 1624 3627 δε
1657 3550 1760 3623 ibi
1787 3572 2074 3646 quoque
2108 3544 2543 3623 secundarius
2567 3549 2809 3625 Pastor
2864 3552 2963 3625 D.
3008 3553 3362 3641 Andreas,

981 3651 1056 3722 ni
1082 3648 1325 3735 fallor,
1376 3644 1897 3730 EnchufienfiS,
1948 3646 2530 3741 quemadmodum
2588 3648 2663 3722 δι
2694 3650 2843 3721 aliis
2874 3651 3106 3722 multis
3140 3652 3211 3722 in
3241 3674 3363 3747 pa·

980 3746 1088 3839 gis
1105 3763 1132 3828 ,·
1176 3768 1262 3820 ex
1307 3741 1612 3841 profefl'o
1668 3740 2105 3818 seetariorum
2156 3741 2535 3813 institutum
2606 3742 2935 3838 sequitur.
3034 3744 3365 3821 Nobiles-

989 3846 1126 3933 q‘ue
1181 3848 1377 3932 mul,
1457 3862 1760 3941 quorum
1813 3858 2026 3934 caput
2081 3838 2219 3932 est,
2298 3837 2588 3913 Douwe
2632 3840 3029 3916 Douwema
3050 3893 3075 3928 ,
3118 3844 3371 3917 libello

1039 3974 1044 3986 ·
1427 3954 1434 3961 ·
3214 3940 3369 4013 cui-

1055 4124 1183 4210 (2)
1238 4086 1452 4196 ·s'11.1
1477 4126 1572 4213 ο]
1617 4128 1804 4214 syme
1840 4088 2062 4202 Abies,
2110 4126 2196 4193 aa
2226 4126 2647 4195 Aiaenbovam
2666 4126 2917 4197 pastor.
2952 4127 3187 4197 Henfl:
3204 4127 3363 4197 hist.

976 4206 1199 4297 Episc.
1251 4212 1471 4306 Leov3
1513 4232 1586 4297 p.
1622 4218 1728 4310 48„
1769 4212 1909 4278 col.
1934 4227 2038 4307 α..
2064 4209 2315 4307 Sixturn
2362 4210 2648 4277 Abbaeum
2699 4228 2911 4281 vocat
2934 4210 3368 4299 ·Winsemim

931 4326 936 4329 ·
975 4296 1124 4407 hist,
1161 4299 1452 4409 lib.‚1.p.
1493 4310 1602 4385 71.
1639 4314 1714 4365 in
1757 4294 1882 4364 fol.
1925 4293 2057 4396 ubi·
2089 4294 2163 4367 δι
2192 4294 2363 4371 ahos
2396 4296 2605 4384 legas.
2651 4292 2739 4365 V.
2782 4314 3057 4383 quoque
3080 4316 3237 4386 pag.
3258 4312 3370 4383 73.
