3700 4884
444 280 1089 403 EpisTOLAE1³
1145 278 1321 392 Αῐί)
1369 282 1819 409 -JOACH-
1840 284 2588 402 'HOPPERUM
2625 338 2835 433 473„
2979 384 2986 395 .

384 482 633 579 milani
657 556 679 591 ,
730 482 835 579 nt·
858 478 1235 609 seneseenti
1258 484 1683 593 ‘mm-bisque}
1702 491 2016 597 undique
2049 500 2440 673 οὒῆἰὲειω,
2490 504 2800 605 ςαῑρςρω

282 683 287 694 ¹
376 602 717 697 Majestas
764 601 881 673 sua
900 602 1203 673 *tandem
1241 594 1608 704 eoncedqn
1710 592 1906 667 Bene
1953 600 2197 683 vale,-
2278 603 2362 676 L.
2413 602 2509 679 D.
2560 605 2834 685 Hor-2

380 719 637 782 rann.
686 696 1062 773 Bruxellae.·
1098 702 1329 769 'xm-1.
1366 694 1646 809 -Apnlr‘s
1697 710 1835 764 cro
1894 712 1977 763 ιο
2027 715 2338 769 vaur.
2401 749 2406 756 .
2485 752 2494 761 .

780 896 1800 1001 EPISTOL·A
1915 842 2374 995 L‘v11.

386 1132 673 1243 Genfii
727 1195 753 1237 ,
802 1126 1119 1247 sparsis
1172 1134 1251 1215 in
1308 1120 1601 1239 vulgus
1660 1122 1947 1213 libellis
1973 1187 2004 1231 ,
2144 1126 2474 1243 opulum
2531 1116 2828 1252 adse:
2967 1242 2982 1251 ι

486 1252 871 1333 ditionem
908 1250 1279 1329 excitant.
1392 1238 1845 1329 Ludovicus
1883 1236 2038 1328 Na
2070 1250 2320 1353 *ovius
2357 1258 2796 1343 exercitum

482 1378 753 1475 parat
809 1364 887 1443 in
919 1355 1181 1461 Frisia
1194 1384 1222 1454 3
1290 1352 1635 1443 Comites
1693 1350 1773 1439 B
1915 1352 2108 1458 ensis
2165 1384 2260 1439 ac
2321 1357 2793 1451 Culembur.

297 1502 351 1523 ··
483 1481 675 1587 gius
734 1470 848 1555 ad
903 1468 1236 1580 confinia
1312 1463 1621 1554 Gelriae
1660 1494 1689 1567 3
1869 1463 2106 1552 obiles
2164 1464 2646 1561 Brabantini
2699 1484 2785 1564 in

489 1614 689 1701 agro
733 1581 1082 1669 Leodien
1114 1610 1141 1665 ι
1159 1642 1181 1681 ,
1214 1606 1410 1696 quos
1445 1576 1723 1666 Comes
1760 1576 1866 1663 ab
1907 1578 2327 1684 Eveistein
2385 1584 2798 1706 dtffipavit,

481 1698 687 1806 caefis
728 1702 1171 1813 octingentis
1281 1688 1410 1780 M
1396 1720 1691 1809 eganus
1750 1710 2030 1779 contra
2093 1690 2568 1813 Bergensem
2593 1722 2786 1817 pro-

457 1808 753 1937 fedus.

591 2021 861 2098 Eruens
914 2020 1069 2093 CL.
1108 2020 1205 2094 D.
1255 2018 1755 2105 Hoerner,
1805 2044 1894 2094 ne
1947 2020 2198 2119 aliquis
2239 2021 2475 2102 cursor
2507 2025 2580 2097 in
2625 2024 2786 2103 His·

644 2124 929 2216 paniam
978 2143 1089 2191 me
1159 2114 1375 2189 inscio
1443 2115 1892 2208 expediretur
1939 2170 1962 2203 ,
2029 2120 2356 2191 dederam
2435 2119 2780 2217 Magistro

358 2216 735 2289 Postarum
782 2218 1013 2287 literas
1040 2264 1061 2297 ,
1112 2234 1399 2309 quarum
1448 2230 1647 2283 exem
1702 2211 1845 2283 lum
1905 2234 2095 2287 nunc
2143 2214 2398 2285 iterum
2435 2216 2683 2304 mitto,
2731 2218 2786 2295 fi
2831 2278 2836 2283 .

360 2311 552 2385 fen-te
585 2314 725 2383 illae
766 2312 1217 2404 interceptae,
1266 2332 1387 2381 aut
1417 2306 1614 2397 negle
1663 2326 1749 2378 ‚ae
1788 2306 2072 2385 fuerint.
2171 2304 2254 2379 N
2257 2332 2388 2384 unc
2417 2334 2590 2385 vero
2622 2332 2784 2389 cum

342 2406 885 2481 ·Illustriffimum
959 2404 1234 2479 Ducem
1292 2398 1597 2477 nostrum
1648 2400 1737 2473 de
1790 2404 1878 2477 iis
1919 2456 1940 2491 ,
2011 2428 2172 2498 quae
2233 2406 2570 2499 proximis
2636 2412 2785 2485 die-

358 2508 499 2580 bus
543 2503 665 2575 hic
715 2498 908 2597 gesta
940 2500 1117 2576 ‘sunt
1145 2552 1169 2585 ,
1218 2499 1487 2594 Regem
1544 2498 1906 2573 certiorem
1963 2496 2310 2577 saetarum
2365 2502 2780 2595 arbitrarer,

358 2600 833 2677 Courtevillio
856 2594 1053 2673 hasce
1078 2600 1165 2670 ad
1188 2619 1255 2671 te
1281 2592 1715 2667 destinandas
1748 2594 2052 2668 commifi
2071 2647 2094 2682 ,
2116 2617 2230 2684 ut,
2252 2620 2672 2695 quamquam
2689 2627 2780 2677 ex

353 2696 572 2797 ipsius
630 2694 856 2769 Ducis
904 2695 991 2768 ad
1044 2690 1469 2789 Majestatem
1503 2686 1688 2763 suam
1718 2694 1938 2766 literis
1993 2694 2268 2785 plenius
2302 2700 2534 2768 omnia
2573 2699 2779 2777 intel·

350 2798 573 2893 liges,
624 2816 752 2888 per
798 2815 905 2864 me
963 2813 1193 2867 tamen
1255 2788 1343 2861 de
1392 2784 1648 2858 summa
1704 2800 1933 2861 rerum
2003 2788 2376 2864 edocearis.
2481 2788 2591 2865 Ea
2637 2796 2773 2870 est:

355 2891 586 2981 Quod
632 2887 967 2963 Geufiani
1002 2886 1253 2966 nostri,
1304 2880 1625 2955 confesta
1654 2882 1729 2953 in
1767 2884 2021 2957 Gauiis
2069 2907 2286 2978 paee,
2341 2910 2774 2982 oportunum
2921 2904 2928 2912 '

354 2991 696 3063 ducentes
754 2985 1103 3057 fortunam
1136 2978 1457 3055 adversus
1494 3002 1623 3054 nos
1670 2998 1978 3065 tentare,
2030 3002 2172 3053 non
2195 2983 2493 3075 ‚quidem
2535 2987 2772 3079 palam

350 3086 563 3159 nobis
590 3080 857 3167 ‚bellum
896 3080 1477 3167 denuntiaverunt
1496 3126 1518 3157 ,
1544 3072 1661 3163 sed
1688 3072 1880 3151 suum
1917 3075 2200 3149 insecuti
2229 3098 2496 3149 morem
2517 3130 2538 3165 ‚
2587 3076 2776 3175 spar-

357 3180 450 3255 fis
482 3180 553 3250 in
601 3179 853 3273 vulgus
886 3176 1175 3261 libellis,
1226 3174 1567 3269 populum
1608 3168 1699 3241 ad
1732 3167 2144 3247 seditionem
2184 3174 2531 3247 attrahere
2562 3198 2768 3250 cona·

356 3280 420 3352 ti
472 3275 685 3348 sunt:
737 3274 931 3365 cujus
972 3272 1243 3365 generis
1292 3267 1485 3348 sunt,
1539 3264 1876 3353 scedulae,
1927 3290 2097 3359 quas
2149 3265 2336 3341 hisce
2391 3270 2766 3367 conjunxi,

354 3374 617 3471 quibus
665 3368 794 3465 ipfi
852 3365 1253 3445 sententiam
1316 3380 1826 3435 antevertentes
1857 3416 1878 3450 ‚
1925 3362 2050 3434 suo
2102 3361 2240 3437 sese
2265 3364 2535 3461 judicio
2575 3392 2767 3443 'con-

354 3476 691 3545 demnare
742 3465 1121 3538 voluerunt
1154 3515 1176 3551 ,
1212 3454 1782 3559 ¹conscriptisque
1832 3460 2162 3539 militibus
2223 3463 2486 3547 atrocia
2549 3464 2754 3539 nobis

354 3568 588 3641 omnia
636 3564 1010 3635 minantur.
1460 3578 1471 3593 ⁸
1586 3590 1591 3597 ·
2205 3620 2259 3639 -,

453 3659 864 3735 Ludovicus
914 3656 1172 3729 Comes
1220 3652 1259 3727 ὲ
1294 3648 1569 3725 Naffau
1614 3652 1682 3724 i'n
1720 3650 2258 3728 Transamasana
2296 3655 2586 3749 regione
2640 3677 2760 3728 ex·

348 3764 648 3835 ercitum
678 3774 911 3851 parat,
1016 3755 1112 3824 ud
1152 3754 1239 3825 ad
1285 3774 1441 3824 eum
1478 3770 1628 3823 tota
1669 3744 1815 3821 faex
1852 3750 2086 3822 Frifiae
2136 3748 2451 3823 confluit.

454 3855 643 3953 (27)
695 3852 969 3949 Bergen
1000 3874 1055 3924 ιε
1100 3872 1180 3921 ac
1214 3846 1757 3941 Culemburgins
1798 3844 2120 3919 Comites
2156 3847 2344 3942 apud
2385 3844 2759 4017 Wgerldam

2544 3968 2589 4016 u
2619 3966 2763 4017 em·

436 4120 613 4217 (27)
674 4118 1027 4189 Guiitetmus
1084 4118 1343 4191 Comes
1380 4116 1733 4203 Bergenfis
1784 4133 1827 4185 e
1883 4128 2178 4202 quatuor
2258 4114 2496 4203 primis
2543 4115 2756 4184 faede-

344 4220 531 4275 raus.
1431 4284 1505 4359 O
1532 4310 1578 4361 o
1600 4308 1645 4359 o
1697 4307 1737 4385 3
