3700 4884
889 351 897 358 -
970 345 1147 438 404
1198 315 1672 417 v1GL11
1726 341 1864 410 AB
1919 315 2444 462 AY‘rTA
2501 275 3270 414 ZUICHEMl

976 533 1297 608 tempore
1338 515 1557 588 nullas
1600 511 1643 584 a
1688 509 1892 585 nobis
1923 497 2310 608 a‘ccepiss'e,
2355 523 2648 608 magnus
2679 511 2800 586 abs
2835 531 2908 584 te
2957 512 3164 588 nobis
3199 513 3378 610 inje-

976 606 1132 682 ctus
1175 609 1273 682 est
1308 611 1573 694 metus,
1621 631 1709 680 ne
1748 605 1935 682 forte
1971 606 2196 684 literae
2225 608 2476 684 nostrae
2511 611 2598 682 ab
2628 609 2714 682 iis
2738 660 2762 697 ‚
2813 631 3117 702 quorum
3155 633 3378 708 opera

972 705 1049 778 in
1106 707 1243 781 illis
1272 705 1629 780 mittendis
1676 700 1775 776 ufi
1806 704 2080 790 sumus,
2131 701 2506 798 neglectae,
2571 723 2691 780 aut
2731 705 2899 780 alias
2947 708 3222 782 interce
3275 728 3373 779 tae.

978 799 1255 875 fuerint.
1358 800 1547 890 Quae
1610 823 1723 874 res
1772 799 1849 871 δι
1907 805 2290 896 conjugem
2343 823 2532 876 tuam
2587 803 2768 874 male
2815 797 3082 887 habuit,
3191 730 3370 898 (guo

968 915 1201 972 tamen
1249 897 1679 994 cognoscas,
1728 893 1899 989 quid
1963 897 2054 968 ad
2100 917 2170 970 te
2223 896 2576 991 prioribus
2625 899 2892 991 aliquot
2935 895 3368 994 scripserim,

968 1015 1206 1066 earum
1250 995 1571 1090 exempla
1592 1042 1615 1077 ,
1666 1009 1745 1066 ut
1790 1011 1990 1066 antea
2043 992 2082 1068 ὲ
2135 1015 2246 1066 me
2311 994 2686 1092 aliquoties
2748 992 3004 1067 factum
3057 994 3198 1087 est,
3248 997 3364 1071 his

967 1111 1255 1186 quoque
1294 1089 1605 1185 adjunxi.
2649 1136 2669 1154 ι

1073 1185 1379 1259 Gaudeo
1436 1181 1955 1258 Illustriffimum
1995 1181 2272 1259 Ducem
2295 1233 2316 1267 ,
2363 1187 2452 1260 de
2483 1205 2644 1260 meo
2676 1207 2842 1280 erga
2866 1182 2936 1259 se
2973 1182 3308 1284 obsequio
3333 1238 3360 1271 ,

846 1303 849 1306 ’
966 1281 1345 1380 officioque
1384 1279 1651 1376 aliquid
1692 1279 1787 1354 ad
1834 1283 2108 1376 Regem
2141 1279 2617 1376 perscripfiffe.
2721 1279 3126 1356 Cumenim
3163 1281 3360 1378 apud

965 1381 1223 1453 multos
1271 1379 1656 1452 malevolos
1705 1377 1827 1450 hic
1871 1379 1960 1450 de
2009 1399 2096 1450 eo
2149 1379 2328 1450 male
2361 1376 2637 1452 audiam
2661 1425 2686 1462 ,
2737 1375 2930 1470 quod
2969 1400 3128 1451 eum
3157 1401 3360 1452 reve·

964 1476 1527 1562 rentiuscolanr,
1558 1495 1896 1568 moreque
1927 1469 2130 1546 solito
2167 1472 2512 1546 bonorum
2547 1469 3011 1547 ministrorum
3033 1470 3358 1562 consilia,

964 1573 1295 1666 actaque,
1344 1572 1418 1642 in
1470 1571 1605 1644 hac
1658 1570 1934 1662 licentia
1967 1617 1993 1654 ,
2061 1567 2278 1642 multa
2321 1568 2599 1666 aspergi
2651 1571 2994 1642 calumnia
3037 1567 3353 1657 soleant,

958 1669 1102 1738 hoc
1156 1666 1433 1760 aliquod
1488 1667 1657 1736 mihi
1716 1663 1962 1736 tribuit
2025 1662 2342 1736 solatium
2377 1719 2396 1750 ,
2462 1667 2654 1758 quod
2708 1662 2948 1760 Regi,
3017 1665 3351 1762 Ducique

964 1761 1413 1834 ministerium
1446 1783 1677 1833 meum
1712 1785 1853 1832 non
1885 1761 1954 1830 in
2009 1781 2228 1832 ratum
2267 1757 2524 1846 existit,

1054 1855 1172 1931 De
1229 1857 1545 1931 remediis
1602 1853 1810 1950 Reip.
1867 1877 1944 1929 re
2006 1857 2302 1928 'tuendis
2337 1855 2536 1951 (24)
2589 1853 3118 1952 Religionisque
3155 1855 3347 1953 saepe

949 1953 1275 2050 equidem
1336 1955 1615 2049 cogit0‚
1664 1950 1920 2026 verum
1975 1949 2176 2037 cum,
2225 1950 2456 2024 nescio
2493 1973 2632 2046 qua
2663 1953 2754 2024 de
2787 1949 3025 2038 causa,
3077 1951 3344 2028 delibe-

948 2053 1131 2124 ratio
1184 2047 1545 2122 differatur
1571 2098 1595 2132 ,
1640 2069 1864 2140 cogor
1911 2049 2202 2122 aliorum
2259 2047 2516 2120 ‘udicio
2539 2047 3072 2144 prudentiaeque
3115 2072 3342 2124 meam

950 2147 1375 2244 imperitiam
1410 2143 1677 2217 filentio
1716 2142 2148 2220 submittere.
2245 2073 2519 2218 interea
2557 2163 2791 2218 autem
2829 2145 3044 2219 video
3074 2169 3340 2220 moram

951 2243 1157 2316 nobis
1186 2245 1402 2318 multa
1432 2237 1703 2314 adferre
1737 2241 2206 2314 incommoda.
2529 2309 2536 2318 .

1050 2339 1229 2412 Tibi
1263 2359 1493 2410 autem
1524 2333 1751 2410 isthoc
1779 2337 2000 2410 otium
2027 2385 2048 2420 ,
2083 2339 2156 2412 in
2179 2357 2322 2432 quo
2341 2336 2895 2412 Commentarios
2947 2341 3024 2427 (2
3031 2333 3337 2520 &giam

943 2429 1241 2509 scribere
1279 2452 1524 2516 vacat,
1574 2433 1781 2504 valde
1809 2434 2146 2528 gratulor.
2243 2431 2548 2506 Primam
2581 2450 2804 2506 autem
2826 2483 2852 2518 ‚
2895 2433 3046 2528 pot'
3193 2455 3335 2506 am·

942 2551 1087 2625 que
1140 2550 1421 2622 operam
1474 2527 1547 2598 in
1606 2527 1855 2600 hocce
1885 2527 2052 2604 darc
2081 2528 2296 2616 velim
2315 2578 2341 2615 ,
2393 2549 2476 2603 ut
2515 2527 2782 2624 aliquid
2811 2531 3334 2614 commenteris,

944 2645 1092 2720 quo
1123 2647 1210 2698 ex
1240 2621 1349 2696 his
1400 2621 1900 2696 calamitatibus
1941 2625 2314 2720 eripiamur
2335 2677 2358 2715 ,
2406 2645 2632 2718 neque
2665 2646 2896 2697 rerum
2950 2629 3337 2722 praeterita*

932 2743 1099 2793 rum
1146 2717 1715 2797 commenmratio
1735 2771 1757 2806 ,
1806 2718 2193 2792 futurarum
2228 2719 2725 2817 cogitationem
2765 2721 3090 2794 excludat
3142 2748 3162 2795 ε
3199 2744 3334 2800 nec

928 2817 1015 2888 in
1052 2817 1209 2892 ahoc
1256 2815 1431 2888 otio·
1446 2833 1715 2887 tantum
1766 2815 1896 2888 tibi
1939 2814 2154 2891 facias
2212 2819 2523 2916 negotii,
2573 2833 2655 2888 ut
2689 2816 3158 2892 valetudinem
3207 2841 3328 2891 ne-

935 2915 1182 3008 gligas.
1239 2913 1417 3008 Qua
1454 2911 1541 2984 de
1570 2909 1768 2984 causa
1804 2933 2123 3008 optarem
2177 2914 2307 2987 tibi
2346 2913 2546 2987 isthic
2573 2909 2798 2986 adeffe
2831 2913 3023 2986 illam
3043 2964 3067 3001 ,
3169 2935 3330 2988 uam

922 3009 1083 3106 jura
1140 3007 1373 3084 nostru
1424 3007 1691 3082 divinae
1748 3029 1960 3106 atque
2015 3010 2376 3093 humanae,
2407 3011 2578 3083 vitae
2626 3003 2881 3080 sociam
2929 3011 3136 3107 appel
3165 3031 3321 3102 ant,

932 3127 1093 3202 quae
1144 3107 1281 3180 tuis
1338 3105 1717 3198 aliquando
1749 3101 2354 3198 lucubrationibus
2382 3106 2673 3182 modum
2701 3103 3061 3204 imponat,
3107 3104 3324 3182 curis·

932 3225 1075 3296 que
1120 3201 1369 3295 gaudia
1410 3200 1757 3273 interdum
1788 3199 2264 3284 intermisceat.

938 3333 949 3352 ·
1032 3295 1163 3369 Me
1197 3319 1375 3370 vero
1410 3317 1551 3367 non
1586 3297 1831 3371 leviter
1865 3301 2283 3384 commovit,
2331 3299 2534 3394 quod
2575 3320 2804 3394 nuper
2847 3295 3008 3374 Rex
3041 3297 3133 3375 de
3175 3295 3326 3373 filio

926 3391 1320 3466 annuntiari
1369 3389 1572 3486 juffit.
1674 3391 1861 3464 Gutn
1893 3397 2095 3467 -enim
2141 3395 2336 3468 illum
2390 3393 2694 3468 secundo
2766 3391 2927 3490 post
2965 3417 3128 3470 eum
3155 3397 3324 3470 loco

926 3489 1349 3575 coleremus,
1398 3484 1761 3582 ipsumque
1781 3486 1974 3562 Patri
2013 3491 2399 3586 adjutorem
2417 3487 2569 3564 fore
2593 3489 3020 3588 speraremus
3057 3493 3128 3564 iu
3154 3491 3324 3567 obe·

920 3585 1129 3660 undis
1157 3579 1367 3682 Reip.
1404 3584 1839 3668 muneribus,
1865 3589 2178 3662 videmus
2211 3609 2340 3662 nos
2378 3587 2570 3680 omni
2589 3609 2771 3683 pene·
2806 3587 2966 3682 spe,
3001 3589 3213 3686 quam
3243 3589 3320 3661 in

918 3702 1007 3754 eo
1050 3679 1573 3778 reposueramus
1603 3729 1629 3762 ‚
1680 3679 2045 3766 excidiss'e,
2095 3703 2174 3757 ut
2205 3685 2596 3780 lachrymas
2633 3709 2774 3758 non
2807 3704 3122 3772 teneam,
3146 3707 3317 3780 quo·

917 3777 1051 3852 ties
1105 3777 1253 3873 ejus
1304 3778 1477 3854 mihi
1514 3777 1595 3856 iu
1648 3787 1970 3854 menoem
1996 3781 2193 3858 venit
2212 3835 2236 3875 ,
2288 3781 2363 3858 &
2396 3785 2608 3878 quein
2642 3777 2978 3856 Carolum
3011 3783 3316 3950 aliqgem

1426 3909 1432 3916 ·
1821 3892 1828 3899 ·
3199 3897 3315 3950 ur-

942 4087 953 4096 ·
988 4063 1173 4237 {243
1216 4013 1659 4174 Restimeudisj
1704 4068 1960 4168 Melius
1995 4090 2012 4139 τ
2051 4067 2560 4158 Religionisque
2599 4069 3068 4168 restituenda&

1038 4167 1137 4234 25·
1212 4149 1721 4240 commanos]
1764 4153 1997 4224 scribit
2039 4155 2416 4244 Hopperus
2447 4173 2607 4238 eo·
2658 4170 2834 4244 quos
2856 4153 3316 4268 publicamus.
