3700 4884
919 1368 995 1381 *d

966 358 1139 484 692
1198 266 1673 467 :VIGLII
1748 378 1900 449 AB·
1951 344 2473 453 AYTTA
2537 340 3275 448 ZUICHEMI

1201 524 1356 677 ‘E
1416 584 1484 675 P
1542 583 1583 675 1
1643 582 1707 677 s
1764 580 1863 674 T
1921 575 3096 717 oLApexxw.

996 827 1492 945 Quotidianae
1544 822 1860 913 urbium
1908 818 2389 931 dcfi’c‘liones.
2437 904 2452 912 ,
2507 820 3030 1019 Del-pecunia
3063 816 3398 937 Hoppe-

1105 970 1201 1027 ro
1239 938 1524 1025 debita.
1648 936 2060 1053 Deputati
2087 935 2472 1035 ,Statuam
2509 928 2612 1017 ab
2747 933 3052 1057 ς’[ραηξα
3087 939 3200 1021 ad
3211 956 3391 1039 unt.

1110 1054 1259 1143 De
1320 1050 1743 1139 Gaudanis
1758 1111 1784 1151 ‚
1840 1042 2716 1167 Dordracerfibusque.
2831 1045 3160 1137 Bruxel
3185 1057 3257 1138 is
3289 1054 3403 1143 ηἰ-

1110 1164 1235 1255 hil
1266 1185 1529 1253 tutum
1551 1226 1581 1271 ‚
1634 1158 2072 1278 undefiega
2110 1168 2192 1251 in
2231 1166 2524 1249 animo.

990 1434 995 1443 ·
1142 1406 1257 1503 J„
1298 1403 1398 1481 D.
1446 1404 1932 1479 Horreum
1979 1399 2342 1499 Respondi
2378 1425 2542 1477 xm.
2595 1402 2799 1501 hujus
2853 1398 3102 1475 mensis
3139 1402 3402 1487 diem·

1204 1505 1367 1577 teris
1414 1500 1513 1577 D.
1567 1499 1658 1574 V.
1712 1520 1945 1575 xxvu.
1999 1497 2185 1593 lunii
2231 1502 2460 1584 datis,
2513 1522 2594 1573 ac
2637 1502 2874 1595 postea
2927 1501 3070 1571 huc
3113 1502 3403 1577 advenit

1002 1602 1436 1698 Capitaneus
1480 1597 1719 1671 Arieta
1745 1648 1769 1684 ‚
1818 1597 1942 1691 qui
1991 1596 2270 1683 literas,
2323 1596 2616 1671 calend.
2667 1598 2844 1689 Julii
2895 1594 3226 1691 scriptae,
3277 1618 3402 1669 no-

998 1697 1108 1771 bis
1144 1696 1420 1780 attulit,
1466 1715 1597 1789 per
1644 1714 1815 1789 quas
1850 1692 2238 1788 intelligere
2273 1715 2414 1765 non
2447 1695 2804 1787 potuimus
2843 1716 2970 1775 ea,
3015 1692 3403 1785 quaeinter-

1000 1816 1085 1865 ea
1134 1788 1593 1869 successerunt
1630 1840 1653 1874 .
1741 1790 1830 1863 ad
1901 1787 2116 1883 Regis
2161 1790 2478 1865 notitiam
2537 1787 2768 1863 adhuc
2837 1786 3128 1863 deducta
3174 1784 3403 1863 fuiss‘e.

1006 1888 1353 1982 Quotidie
1404 1906 1637 1959 autem
1692 1887 2010 1977 audimus
2065 1906 2284 1957 novas
2319 1885 2598 1960 urbium
2638 1882 3398 1961 defefflones—deditio-

1002 2004 1264 2078 nesque
1294 2034 1319 2069 ,
1386 1978 1653 2055 tametfi
1702 1980 1874 2055 Dux
1933 1981 2162 2057 noster
2211 1984 2404 2057 omni
2457 1983 2818 2077 diligentia
2847 1978 3120 2053 studeat
3153 1981 3402 2076 copias

956 2118 963 2127 ·
1001 2082 1332 2175 viresque
1376 2080 1827 2161 contrahere,
1881 2097 1956 2151 ut
1993 2074 2402 2155 adversariis
2435 2076 2715 2179 obviam
2747 2098 2880 2153 eat.
3237 2098 3250 2111 ·

1103 2177 1221 2252 De
1268 2178 1567 2271 pecunia
1622 2170 1714 2247 D.
1760 2172 1858 2247 T.
1889 2171 2114 2247 rursus
2146 2169 2588 2273 interpellavi
2627 2172 3132 2249 Excellentiam
3167 2172 3404 2263 suam,

1006 2298 1171 2369 quae
1215 2271 1369 2351 satis
1416 2272 1715 2367 benigne
1776 2270 2168 2365 respondit,
2221 2292 2614 2344 curaturam
2673 2266 2934 2349 scilicet
2965 2269 3034 2343 se
3075 2291 3156 2360 ut
3189 2292 3404 2363 quan·

1009 2372 1237 2443 tocius
1272 2368 1693 2463 provideat,
1743 2364 1866 2439 sed
1896 2369 1967 2437 in
1999 2367 2252 2460 quibus
2273 2366 2608 2463 angustiis
2644 2366 2994 2442 versemur
3029 2388 3138 2438 me
3173 2366 3406 2461 ipsum

1005 2464 1167 2539 satis
1235 2462 1667 2538 considerare
1718 2459 1965 2557 poss'e„
2003 2465 2426 2559 omninoque
2475 2485 2654 2558 opus
2688 2466 2826 2549 est,
2873 2485 2953 2537 ut
2987 2458 3062 2533 D
3119 2461 3212 2534 T.
3261 2459 3404 2535 Ex·

988 2561 1403 2635 tenentium
1437 2556 1619 2631 suam
1653 2560 1900 2631 crebro
1935 2558 2226 2653 desuper
2263 2560 2668 2653 interpellet
2689 2610 2708 2643 ,
2765 2560 2987 2632 namii
3019 2558 3274 2652 quibus
3305 2556 3404 2633 D.

1010 2654 1107 2729 V.
1172 2655 1377 2823 sup‘er
1430 2656 1515 2729 iis
1570 2654 2080 2749 affignationem
2133 2652 2341 2743 fecit,
2391 2676 2521 2729 nos
2576 2658 2894 2752 quotidie
2961 2657 3406 2755 interpellare

1010 2762 1155 2827 non
1190 2756 1277 2825 de
1308 2772 1527 2826 munt.

1114 2846 1467 2943 Deputati
1520 2846 1847 2921 Statuum
1905 2846 2296 2921 Brabantiae
2355 2846 2475 2921 hic
2523 2844 2814 2946 adsunt,
2862 2847 2980 2922 sed
3011 2868 3154 2923 non
3185 2870 3268 2922 ea
3303 2872 3414 2925 ce·

1014 2946 1285 3019 letitate
1336 2945 1631 3039 negocia
1676 2941 1972 3019 traEkare
2019 2945 2384 3031 videntur,
2439 2944 2646 3037 quum
2678 2945 2982 3041 praeisens
3025 2966 3248 3020 rerum
3281 2943 3412 3020 sta-

1022 3064 1137 3115 tus
1184 3043 1495 3136 exigeret
1560 3076 1579 3093 ·
1616 3040 1810 3115 Idem
1848 3063 2170 3115 veremur
2201 3042 2291 3113 de
2323 3043 2587 3114 caeteris
2613 3102 2632 3127 ‚
2682 3064 2980 3139 quorum
3015 3040 3415 3115 Proviuciae

1019 3140 1139 3211 vel
1174 3138 1506 3303 militisbus
1541 3141 1922 3235 opplentur
1948 3186 1972 3220 ‚
2023 3139 2141 3212 vel
2173 3156 2471 3234 quorum
2510 3142 2829 3213 urbes·ab
2863 3138 3272 3213 adversariis
3293 3160 3411 3213 oc-

1020 3256 1306 3327 cupatae
1384 3252 1527 3305 unt.
3125 3261 3132 3267 ·

1122 3328 1239 3403 De
1306 3328 1721 3413 Goudanis,
1773 3326 2512 3424 Dordracenfibusque
2563 3324 2854 3404 subinde
2901 3330 3112 3405 nobis
3161 3330 3420 3427 aliqtfid
3495 3376 3508 3389 ·

1024 3424 1197 3499 boni
1244 3424 1595 3507 adfertur,
1644 3424 1890 3499 verum
1944 3428 2118 3499 nibil
2151 3424 2487 3501 affirmare
2517 3426 2766 3511 aufim,
2816 3423 2930 3503 sed
2979 3426 3074 3500 D.
3125 3430 3421 3502 Alberto

1024 3522 1114 3595 ab
1154 3520 1316 3593 Loo
1354 3518 1789 3595 scribendum
1826 3524 2172 3618 relinquo.
2273 3522 2336 3594 E
2391 3546 2436 3595 o
2481 3544 2753 3608 autem,
2796 3524 3126 3619 quamdiu
3151 3524 3268 3595 htc
3291 3522 3421 3595 sal-

1020 3620 1099 3694 vi
1140 3613 1493 3691 subsistere
1540 3618 1962 3711 poterimus,
2011 3624 2270 3693 multos
2376 3618 2645 3693 ubitare
2681 3621 2932 3704 video,
2980 3621 3090 3695 sed
3119 3620 3424 3713 pedibus

1024 3731 1210 3810 aeger
1262 3734 1403 3786 non
1450 3736 1571 3789 ero
1626 3716 1928 3807 primus,
1981 3719 2106 3811 qui
2138 3718 2302 3791 hinc
2350 3714 2758 3810 profugiat,
2809 3712 2888 3791 Gt
2925 3736 3226 3813 quonam
3261 3736 3426 3789 tuto

1018 3808 1402 3906 profugere
1449 3808 1769 3903 ponimus
1834 3816 1904 3885 in
1958 3832 2150 3887 tanta
2202 3813 2586 3885 animorum
2646 3810 2998 3889 aversione
3012 3864 3036 3899 ,
3085 3834 3230 3885 non
3261 3808 3423 3887 satis

1018 3903 1353 4082 Eiidemus.
1409 3904 1607 4003 Bene
1644 3910 1838 3998 vale,
1890 3906 2368 3985 Horreum.
2419 3906 2574 3985 CL.
2616 3904 2989 3986 Bruxellae.
3034 3929 3250 3987 xvm.
3302 3904 3427 4003 Ju-

1106 4058 1117 4073 .
1172 4020 1291 4075 cla
1336 4024 1698 4081 sonum.

3643 3884 3650 4003 ἱ

3149 4194 3432 4277 EPI-
3528 4130 3650 4213 '¹
