3700 4884
1610 16 1631 57 Γ

784 482 795 499 .
934 281 1107 493 730
1156 362 1645 491 VIGLII
1698 390 1837 459 AB
1883 358 2416 501 *AYT-TA
2465 279 3216 493 ZlJICHEMI

1399 554 2436 655 EPISTOLA.
2533 550 2888 649 (3051.

953 738 1489 839 Commendat
1526 734 1856 823 Fratres
1875 696 2450 822 Dominfcanvs
2479 727 2600 822 &⁹
2633 702 3194 841 Fratzcfianor
3207 794 3238 841 ,
3261 748 3356 824 ut

1062 852 1627 942 liberalitatem
1667 848 2012 965 Regiam
2028 910 2056 954 ‚
2093 844 2418 961 frustra
2447 848 2559 935 eis
2596 845 2966 936 hadenus
2994 850 3348 962 constitu-

1063 989 1275 1077 tam,
1333 961 1964 1079 consequantur.‘
2279 1010 2286 1018 ·
2689 1008 2699 1018 -
2781 1026 2788 1031 .

1126 1176 1211 1249 L.
1246 1173 1344 1249 D.
1376 1168 1849 1249 Horreita.
1949 1166 2131 1245 Cum
2169 1168 2505 1251 fratribus
2543 1163 2840 1246 Ordinis
2883 1168 3058 1247 Divi
3095 1170 3354 1252 D0mi‚

1170 1274 1353 1361 nici,
1425 1296 1507 1346 ac
1548 1270 1642 1345 D.
1701 1264 2054 1360 Francisci
2103 1268 2213 1363 Re
2268 1271 2333 1357 ia
2373 1266 2686 1365 Majestas
2714 1266 3056 1365 insignem
3100 1290 3188 1341 ac
3218 1294 3358 1345 me-

956 1368 1365 1443 morabilem
1397 1366 1902 1462 eleemosynam
1930 1368 2181 1479 largita
2213 1290 2444 1437 {uisset
2463 1416 2484 1451 ‚
2505 1388 2632 1463 per
2648 1388 2856 1462 quam
2879 1366 3098 1439 studia
3115 1364 3364 1439 Theo-

960 1462 1034 1539 Io
1085 1468 1168 1566 ize
1200 1516 1229 1553 ,
1294 1489 1377 1539 ac
1434 1460 1721 1560 Religio
1770 1460 2145 1537 Catholica
2204 1482 2346 1533 non
2410 1484 2708 1557 parvum
2736 1464 3245 1538 incrementum
3285 1466 3364 1537 in

958 1488 1146 1636 hisce
1194 1562 1599 1657 regionibus
1642 1556 1994 1655 suscipere
2047 1554 2239 1653 poss'e
2284 1558 2742 1641 videbantur,
2809 1559 3068 1633 accidit
3123 1582 3363 1634 tamen

961 1658 1441 1753 quorundam,
1506 1654 1735 1729 nescio
1782 1678 1869 1727 an
1907 1656 2362 1749 negligentia,
2413 1677 2500 1726 an
2540 1653 2845 1742 malitia,
2892 1676 2972 1729 ut
3023 1654 3362 1731 hafitenus

962 1774 1107 1826 tam
1138 1758 1475 1850 praeclara
1504 1752 1753 1846 Regiae
1777 1750 2152 1846 Majestatis
2193 1754 2471 1847 largitas
2503 1747 2825 1823 effestum
2861 1749 3197 1847 consequi
3241 1774 3363 1827 ne·

961 1852 1290 1944 quiverit.
1387 1848 1577 1922 Nam
1630 1850 1731 1921 illi
1786 1848 2036 1943 quibus
2080 1851 2401 1921 mandata
2453 1844 2631 1931 fuit,
2679 1872 2821 1919 non
2877 1846 3090 1921 solum
3128 1850 3364 1923 haste·

960 1968 1092 2019 nus
1159 1948 1473 2043 patribus
1536 1966 1685 2017 eam
1732 1942 2256 2017 sollicitantibus
2304 1946 2532 2017 inania
2581 1940 2924 2018 dederunt
2955 1944 3203 2027 verba,
3245 1941 3368 2018 sed

966 2043 1246 2117 tandem
1276 2040 1445 2139 ipsis
1480 2038 2018 2135 responderunt,
2065 2041 2296 2114 literas
2341 2036 2418 2113 δι
2463 2038 2788 2113 mandata
2815 2038 3040 2135 Regia
3072 2091 3096 2125 ‚
3147 2039 3250 2115 eis
3273 2043 3365 2115 ab

960 2138 1173 2216 Duce
1210 2143 1500 2221 tradita,
1550 2139 1918 2233 deperdita
1949 2132 2168 2207 fuiss'e.
2216 2136 2530 2231 Ideoque
2565 2132 3026 2211 Reverendus
3055 2136 3153 2210 D.
3191 2134 3366 2210 Pro-

960 2237 1281 2310 vincialis
1331 2233 1623 2307 Ordinis
1679 2232 2226 2307 Praedieatorum
2250 2284 2273 2320 ,
2317 2230 2402 2311 ,δι
2439 2234 2752 2303 nonnulli
2780 2254 3022 2329 ‘patres
3057 2231 3366 2329 ejusdem

962 2329 1256 2405 Ordinis
1280 2382 1305 2419 ,
1354 2334 1537 2404 inter
1582 2352 1761 2427 quqs
1812 2330 2018 2401 etiam
2049 2324 2150 2399 est
2185 2328 2388 2401 senex
2427 2324 2894 2401 Confess'arius
2923 2328 3151 2403 noster
3175 2380 3200 2413 ,
3251 2354 3364 2403 me

964 2430 1262 2501 multum
1298 2422 1781 2512 obsecrarunt,
1830 2448 1910 2498 ut
1944 2423 2044 2496 D.
2091 2420 2182 2496 V.
2218 2426 2499 2519 illorum
2539 2424 2774 2497 literas
2803 2448 2887 2498 ac
2907 2423 3361 2521 supplicatio·

964 2546 1125 2595 nem
1183 2524 1271 2595 de
1322 2524 1595 2596 meliori
1651 2542 1818 2595 nota
1871 2518 2470 2605 commendarem,
2538 2522 2682 2632 quo
2734 2523 2960 2596 literas
3003 2523 3364 2597 iterativas

967 2618 1521 2714 consequantur,
1570 2618 2041 2711 mandatoque
2075 2613 2253 2690 serio
2295 2614 2512 2711 Regis
2551 2618 2877 2711 jubeatur
2919 2617 3363 2693 Excellentia

966 2714 1085 2789 sua
1144 2738 1288 2791 rem
1332 2734 1467 2788 tam
1524 2716 1715 2810 piam
1767 2732 2224 2807 promovere,
2292 2734 2502 2807 atque
2563 2714 2994 2811 executioni,
3047 2716 3120 2789 id
3162 2714 3360 2813 quod

965 2811 1201 2909 Regia
1250 2808 1582 2904 Majestas
1620 2808 1862 2883 ·semel
1914 2809 2273 2895 decrevit,
2323 2811 2664 2883 mandare.
2765 2809 3232 2905 Quanquam,
3283 2829 3366 2885 ut

966 2906 1123 2983 haec
1152 2906 1312 2983 sunt
1347 2926 1703 3003 tempora,
1750 2904 1958 2979 valde
1991 2928 2236 2981 vereor
2259 2954 2286 2993 ,
2331 2927 2419 2979 ne
2467 2907 2620 2985 haec
2655 2922 2792 2978 tam
2821 2908 3179 2982 luculenta
3197 2930 3364 2983 con·

962 3003 1391 3079 fiscationum
1420 3006 1614 3079 lucra
1632 3052 1657 3089 ,
1705 3020 1857 3075 tota
1891 3005 1966 3073 in
2003 3000 2274 3077 fumum
2307 3000 2590 3077 abeant.
2687 3002 2760 3075 N
2765 3028 2848 3077 ec
2888 3002 3232 3099 superesse
3257 3004 3363 3080 vi-

818 3100 826 3106 ’
966 3102 1177 3177 detur
1211 3111 1291 3174 us:
1326 3100 1788 3174 creditoribus
1840 3095 2164 3185 satisfiat,
2216 3120 2514 3191 quorum
2551 3098 2637 3169 de
2677 3102 2936 3187 dilata,
2987 3100 3363 3194 denegata-
3493 3179 3507 3189 ,

969 3214 1106 3293 que
1152 3196 1457 3291 justitia,
1508 3194 1740 3291 paflim
1774 3194 2227 3291 querimoniae
2275 3197 2696 3280 audiuntur,
2749 3196 2914 3269 dum
2946 3200 3248 3293 pecunia
3281 3196 3359 3269 il-

964 3296 1053 3367 lis
1106 3292 1341 3373 debita
1388 3340 1409 3377 ,
1480 3294 1619 3365 alio
1671 3291 2032 3363 avertitur.
2129 3288 2229 3364 Et
2279 3286 2522 3386 Regiae
2585 3290 2907 3387 jussiones
2953 3315 3098 3365 non
3132 3295 3362 3387 magni

964 3387 1144 3463 fiunt
1181 3387 1371 3485 apud
1420 3411 1575 3471 eos,
1629 3386 1882 3480 quibus
1926 3388 2299 3479 negocium
2337 3386 2476 3461 hoc
2524 3386 2950 3461 commissum
2999 3388 3118 3462 est.
3223 3390 3358 3463 Sed

950 3482 1319 3583 ‘instaurari
1348 3506 1431 3555 ea
1446 3478 1527 3555 se
1564 3478 1755 3577 posse
1794 3482 2070 3578 sperant
2107 3507 2196 3555 ex
2225 3480 2878 3571 confiscationibus,
2929 3508 3104 3581 quas
3135 3484 3362 3561 rebel-

958 3585 1061 3659 lio
1098 3578 1442 3678 praesens,
1492 3599 1573 3653 ac
1590 3576 1940 3674 superiore
1980 3600 2166 3651 anno
2203 3576 2520 3653 excitatae
2552 3578 2775 3656 turbae
2799 3632 2820 3663 .
2867 3582 3031 3675 ipsis
3069 3583 3361 3677 promit·

960 3698 1139 3759 tunt.
1240 3676 1665 3769 Quanquam
1716 3672 1767 3745 fi
1815 3673 2222 3749 levioribus·
2245 3675 2569 3750 remediis
2625 3680 2730 3749 uti
2769 3674 3155 3771 placuisset,
3205 3698 3360 3750 non

958 3780 1037 3847 in
1067 3796 1305 3851 tantos
1332 3773 1500 3846 belli
1536 3770 1849 3865 sumptus
1869 3821 1894 3857 ,
1941 3772 2016 3845 δε
2045 3773 2436 3863 periculum
2469 3770 2774 3868 praesens
2796 3824 2817 3859 ,
2867 3773 3360 3863 Provinciam,

958 3870 1394 3965 Regiamque
1448 3866 1881 3965 Majestatem
1933 3864 2395 3961 conjecissent.
2493 3868 2707 3965 Rogo
2741 3862 2977 3944 tamen
3013 3888 3362 3964 quatenus

956 3962 1473 4061 supplicantum
1504 3964 1795 4039 fratrum
1833 3958 2237 4041 desiderium
2274 3959 2611 4059 adjuvare
2648 3988 2858 4059 queas
2883 4018 2907 4055 ,
2957 3968 3031 4039 id
3069 3986 3208 4058 pro
3237 3986 3358 4041 tua

958 4084 1129 4158 erga
1158 4058 1906 4163 „Religionem-pietate
1945 4060 2266 4154 praestare
2303 4084 2448 4135 non
2485 4064 2838 4156 graveris,
2895 4062 2970 4139 &
3001 4061 3182 4159 quid
3227 4064 3363 4137 illis

952 4154 1119 4255 spei.
1160 4154 1393 4243 facere
1454 4154 1723 4251 possum
1778 4156 2076 4249 verbulo
2145 4180 2290 4249 uno
2331 4154 2704 4233 rescribere
2721 4158 3064 4256 digneris.
3165 4156 3360 4237 Bene

914 4256 1155 4383 πρὶς,
1190 4250 1357 4360 ‚CL-
1404 4250 1502 4333 D.
1550 4246 2024 4336 Horum.
2075 4250 2446 4335 Bruxellae.
2487 4276 2558 4333 x.
2595 4252 2795 4351 Iulii.
2831 4272 3349 4428 ειοιοέκὸιῐιῐ.
