3700 4884
237 2427 246 2434 ·
289 2439 300 2452 ·
367 2413 528 2510 ipsa
553 2421 556 2426 ’
578 2429 878 2514 exoptat*
905 2467 934 2503 ,

453 287 1126 392 EPISTOLAE·
1171 275 1350 388 AD
1375 365 1380 370 .
1405 287 1840 404 JOACH.
1874 259 2573 460 HopPERUM
2628 305 2803 420 5652

357 490 522 592 jam
563 487 855 604 'nubiles
899 481 1033 655 ege
1075 485 1422 582 incipiant
1442 540 1496 599 ².
1514 495 1659 571 non
1693 489 1921 581 minus
1968 493 2337 604 commode
2367 490 2489 567 hic
2521 445 2797 572 elocare

437 581 2571 793 3‘3312510222-23332212352212523¹}3521121‘1352‘ffi
2588 611 2795 786 0332:

365 782 680 882 yerpiae.
727 779 944 859 Anno
987 795 1116 854 cro
1165 795 1244 853 ιο
1291 795 1456 856 Lxx.
1503 797 1580 854 v.
1629 777 1838 856 Mari.

841 975 1867 1081 EPISTOLA
1980 975 2285 1076 CIL

365 1209 534 1315 ‘De
567 1207 772 1326 Hop
830 1211 978 1302 eri·
993 1210 1324 1412 cotguge
1361 1192 1456 1293 ἐπ’
1487 1199 1975 1408 Ηῗῇαηίαιη
2030 1132 2539 1325 nauigatur-a,
2630 1210 2793 1301 Re-

487 1333 684 1442 gina
775 1317 1026 1440 ponsa
1179 1319 1472 1436 hilippt'
1513 1311 1582 1408 Ι
1623 1383 1642 1405 .
1704 1333 2118 1434 expedata
2172 1325 2401 1438 apud
2430 1323 2555 1418 N
2538 1351 2788 1412 eoma-

483 1465 708 1554 gum.
801 1433 904 1524 A
967 1433 1265 1522 decimo
1321 1435 1645 1523 denario
1700 1431 2011 1543 aversto
2060 1435 2363 1550 populi.
2490 1437 2787 1531 Gratia

495 1548 763 1668 Regia
824 1547 1170 1640 nondum
1202 1545 1642 1663 publicata.
2254 1571 2267 1578 “
2336 1609 2345 1620 -

367 1751 408 1764 ”
551 1746 640 1822 b·
708 1742 810 1820 D.
883 1743 1360 1822 Horreum
1459 1744 1646 1822 cum
1702 1765 1929 1846 nuper
1984 1743 2405 1843 Antverpiae
2454 1745 2781 1838 effemus,

565 1843 1060 1939 cursoremque
1091 1844 1256 1920 inde
1287 1845 1377 1918 ad
1406 1865 1540 1918 vos
1579 1844 1998 1920 mittendum
2052 1840 2568 1936 intellexissem,
2615 1869 2783 1942 pro-

368 1935 520 2012 lixe
577 1943 666 2014 ad
700 1941 938 2014 literas
977 1959 1128 2012 tuas
1159 1961 1236 2012 v,
1287 1937 1560 2033 Aprilis
1591 1937 1786 2012 datas
1825 1939 2177 2033 respondi.
2278 1939 2663 2036 Posteaque
2703 1943 2783 2018 ὅτ.

368 2035 532 2110 illas
582 2031 868 2132 accepi,
919 2055 1094 2132 quas
1139 2055 1274 2131 per
1306 2055 1506 2123 eum,
1555 2035 1680 2130 qui
1720 2034 2147 2129 duplicatam
2182 2031 2482 2108 uestram
2518 2037 2606 2106 ad
2644 2037 2787 2111 Im·-

367 2151 776 2231 peratorem
831 2129 1082 2204 detulit
1103 2181 1128 2218 ,
1189 2125 1472 2214 misisti;
1531 2127 1786 2224 quibus
1841 2125 2229 2206 defiderare
2284 2151 2355 2205 te
2392 2129 2737 2224 fignificas
2756 2182 2783 2218 ,

365 2243 462 2311 fut
519 2228 868 2300 maritimo
912 2226 1158 2298 itinere
1175 2272 1202 2312 ,
1250 2235 1353 2298 ac·
1381 2243 1538 2298 ante
1567 2225 1816 2319 ,potius
1874 2221 2083 2318 quam
2124 2227 2199 2298 in
2240 2221 2536 2322 Reginae
2567 2231 2785 2302 comi-

365 2337 578 2408 tatu,
630 2320 939 2416 conjunx
979 2341 1123 2394 1tua
1193 2315 1422 2392 isthu‘c
1479 2316 1983 2414 proficiscatur.
2086 2317 2309 2418 Quod
2360 2323 2641 2418 quidem
2710 2326 2783 2399 &

369 2511 377 2518 ·
993 2416 1272 2584 jamssue
1327 2415 1653 2490 omnibus
1704 2415 1915 2492 rebus
1958 2418 2373 2514 praeparatis
2392 2467 2419 2502 ,
2484 2417 2557 2491 in
2610 2442 2781 2516 pro-

361 2511 611 2587 cina-u
665 2533 854 2600 erat,
903 2509 1064 2586 cum
1205 2533 1296 2584 ux
1336 2534 1612 2587 rumore
1645 2531 2043 2608 permotus,
2090 2514 2351 2608 piratas
2388 2513 2465 2591 in
2494 2512 2779 2612 Angliae

365 2605 732 2684 littoribus
784 2631 996 2684 naves
1067 2605 1397 2702 viresque
1455 2609 1909 2706 recolligere,
1952 2607 2175 2706 justit,
2224 2629 2305 2686 ut
2336 2609 2563 2686 eidem
2602 2637 2779 2688 nun-

363 2705 669 2795 ciarem,
721 2729 807 2780 ne
838 2726 1095 2792 temere
1138 2703 1206 2778 se
1235 2705 1470 2779 itineri
1507 2707 1961 2784 commiteret.
2060 2703 2239 2781 Huc
2274 2725 2506 2785 autem
2540 2730 2778 2786 rever·

368 2797 486 2876 sus
533 2825 622 2876 ex
672 2800 818 2898 ipsa
863 2801 1218 2886 intellexi,
1269 2801 1446 2876 nihil
1505 2825 1656 2877 eam
1713 2803 1932 2898 magis
1963 2799 2357 2882 defiderare
2376 2857 2395 2892 ,
2446 2801 2659 2898 quam
2694 2823 2777 2882 ut

365 2895 608 2994 ‘prima
642 2920 925 2994 quoque
989 2894 1348 2974 occasione
1391 2898 1530 2972 iter
1567 2897 1707 2975 hoc
1753 2899 2031 2994 ingredi
2063 2898 2305 2993 poffit,
2354 2899 2780 2976 videbimus·-

359 3017 510 3094 que
535 3048 560 3086 ‚
607 3019 694 3070 an
723 3014 883 3068 ante
912 2993 1208 3108 Reginae
1240 2994 1618 3068 adventum
1657 2996 2117 3070 commoditas
2145 2991 2612 3088 securitasque
2656 2997 2777 3072 da-

360 3089 587 3166 bitur.
685 3087 912 3188 Ipsam
966 3111 1193 3164 autem
1247 3087 1599 3186 Reginam
1632 3088 1756 3165 sub
1803 3089 2021 3167 finem
2064 3089 2295 3184 junii,
2344 3109 2463 3165 aut
2496 3091 2773 3172 initium

361 3179 590 3280 Julii,
639 3207 680 3256 a
730 3185 828 3258 ud
863 3183 1307 3280 Neomagum
1343 3182 1787 3283 expectamus
1823 3187 2104 3281 t‘qtiam
2152 3185 2321 3259 inde
2349 3183 2524 3260 Dux
2556 3187 2771 3264 dedu·
2832 3253 2837 3259 .

361 3283 444 3358 ci
501 3282 578 3374 in
705 3281 1050 3356 elandiam
1112 3281 1544 3375 procurabit.
1639 3279 1911 3359 Verum
1948 3277 2159 3360 nostri
2197 3292 2589 3379 optarent„'
2613 3306 2769 3363 eam

462 3401 501 3452 r
525 3375 796 3453 vicinas
834 3376 1069 3450 saltem
1103 3375 1419 3452 civitates
1449 3375 1732 3453 transire
1747 3377 1901 3468 ,-&
1928 3377 2235 3454 'futuram
2268 3379 2615 3455 dominam
2648 3387 2768 3458 de·

417 3477 527 3549 ito
573 3476 847 3549 honore
891 3475 1047 3546 cxci
1100 3493 1215 3545 ere
1267 3469 1342 3544 &
1379 3474 1737 3563 venerari,
1786 3477 1889 3550 uti
1924 3473 2129 3552 decet
2160 3474 2478 3572 sponsam
2520 3479 2766 3574 conju·-

363 3592 670 3672 gemque
701 3565 919 3670 Regis
955 3497 1168 3642 noftri
1185 3618 1210 3656 ‚
1262 3567 1337 3644 &
1373 3591 1653 3666 neptem
1683 3570 1975 3647 Caesaris
2008 3572 2248 3650 Caroli
2284 3573 2565 3664 Quinti.

365 3749 378 3762 ,
463 3667 820 3744 postulata
847 3663 1171 3750 ,subfidia
1199 3667 1508 3743 nondum
1547 3663 1580 3761 (
1615 3669 1722 3746 uti
1756 3667 2217 3748 defideramus
2260 3667 2293 3762 )
2330 3669 2762 3777 succedunt,

364 3770 692 3862 onusque
705 3819 732 3855 ,
779 3765 890 3859 uti
931 3765 1242 3860 populus
1285 3785 1573 3840 veretur
1589 3815 1612 3848 ,
1639 3787 2083 3877 perpetuum
2099 3816 2124 3851 ,
2190 3763 2445 3837 decimi
2494 3761 2770 3842 denarii·
2914 3810 2934 3826 .

366 3851 576 3940 balde
605 3859 976 3940 aversatur.
1075 3859 1530 3938 Condouatio
1569 3857 1816 3960 Reg1ae
1851 3855 2235 3954 Maiestatis
2255 3861 2589 3938 nondum
2628 3887 2770 3962 pu·

372 3952 629 4033 blicata
679 3955 815 4045 est,
861 3980 1315 4035 veruntamen
1371 3960 1448 4030 in
1497 3977 1763 4034 certam.
1794 3955 1988 4051 spem
2018 3977 2269 4049 omnes»,
2306 3958 2763 4050 adducimuu

371 4069 536 4130 ante.
559 4053 765 4158 huius
799 4052 1046 4132 meniis
1093 4059 1356 4134 exitum
1391 4073 1542 4128 eam
1575 4047 2086 4127 Illustriffimum
2132 4049 2412 4132 Ducem
2434 4107 2759 4139 ........

363 4149 912 4246 propofiturum.
1010 4149 1380 4232 Bruxellae.
1431 4170 1586 4224 xvr.
1635 4148 1822 4232 Maii
1852 4169 1990 4228 cro
2043 4169 2127 4230 ιο
2174 4175 2341 4232 Lxx.

1419 4243 1486 4320 C
1503 4270 1545 4324 c
1565 4267 1607 4324 c
1652 4269 1694 4326 C
2468 4244 2539 4325 Ε
2588 4243 2645 4325 P
2690 4241 2760 4338 Ῑξ
