3700 4884
829 367 996 481 368
1073 356 1544 463 VIGLII
1599 384 1746 453 ΑΒ
1794 356 2327 455 AYTTA-
2368 354 3141 456 ZUICHEM1

1362 664 2384 759 EPISTOLA
2496 664 2710 755 XI.

832 898 1085 1017 Regis
1158 898 1598 987 adventum
1679 868 1996 1012 urgenti
2048 922 2201 982 tme
2258 892 2599 1009 pallula}
2633 956 2661 1002 ,
2744 892 3273 1012 Legatorum:

843 1106 858 1115 ‚
905 1011 1313 1113 *relationi
1357 1038 1493 1097 con
1477 1008 1614 1127 fis
1593 1038 1711 1097 us.
1832 1006 1948 1122 Ty
1972 1008 2394 1103 ‚enachium
2430 1004 2938 1124 succeſjbrem
2990 1038 3125 1099 ve-

944 1131 1118 1216 nire
1173 1122 1592 1232 desiderat.

1001 1352 1152 1425 Um
1246 1350 1660 1423 arbitremur
1693 1401 1725 1436 ,-
1811 1348 1961 1424 CL.
2036 1346 2135 1424 D.
2198 1348 2623 1423 Horrtnz
2673 1356 2714 1438 ,'
2772 1354 2911 1447 j'am
2982 1352 3251 1427 dudum

1052 1448 1300 1521 isthinc
1359 1445 1694 1541 appulisse
1746 1446 2134 1520 Dominum
2210 1450 2298 1519 de
2368 1438 2797 1543 Montign'y,
2860 1447 2969 1521 Re
3024 1452 3248 1545 'aeque

833 1544 1187 1643 Majestati
1248 1544 1458 1639 plene
1519 1542 1885 1617 declarasse
1950 1542 2154 1637 hujus
2208 1541 2457 1616 nostrae
2522 1546 2909 1639 provinciae
3016 1567 3245 1632 atum,

834 1640 1300 1718 crescentibus
1335 1660 1561 1712 tamen
1599 1640 1912 1735 quotidie
1950 1641 2144 1711 malis
2162 1688 2185 1724 ,
2236 1636 2481 1713 crescit
2516 1662 2803 1735 quoque
2825 1639 3247 1718 desiderium
3344 1662 3353 1671 ·

835 1738 1146 1817 nostrum
1171 1788 1195 1825 ,
1247 1756 1328 1808 ut
1371 1738 1651 1810 tandem
1687 1739 2040 1809 redemtor
2092 1732 2325 1808 noster
2372 1737 2743 1823 adveniat,
2795 1758 3002 1832 atque
3040 1737 3247 1835 super

833 1840 920 1911 iis
957 1834 1357 1930 tempestive
1388 1832 1797 1929 provideat,
1846 1834 1943 1906 de
1974 1830 2231 1927 quibus
2260 1834 2341 1904 in
2367 1833 3048 1931 moraflgraviffitnum
3072 1858 3248 1929 quo-

834 1934 1009 2007 tidie
1040 1930 1426 2027 periculum
1458 1928 1811 2003 sentimus.
1912 1927 2157 2001 Soluto
2193 1931 2377 2001 enim
2415 1931 2686 2024 populo
2715 1930 2804 2003 ab
2834 1936 3027 2005 omni
3056 1952 3249 2007 metu

833 2031 1012 2125 legis
1033 2084 1051 2115 ,
1101 2026 1335 2123 paffim
1367 2026 1862 2098 conventicula
1898 2044 2315 2099 exercentur
2344 2078 2365 2112 ‚
2414 2028 2783 2122 omniaque
2835 2028 2911 2098 in
2944 2029 3251 2101 deterius

777 2143 784 2153 ·
831 2134 1146 2221 vergunt
1176 2174 1199 2207 ‚
1263 2141 1481 2217 prout
1555 2121 1770 2195 must.
1875 2120 2223 2195 Dominus
2274 2122 2603 2195 Marchio
2644 2124 2942 2219 'plenius
2990 2124 3249 2201 referre

835 2223 1118 2320 poterit.
1169 2220 1384 2294 Unde
1415 2240 1558 2291 non
1595 2240 1843 2314 parum
1884 2216 2257 2291 molestum·
2280 2218 2457 2290 mihi
2488 2219 2630 2309 est,
2672 2220 2863 2315 quod
2898 2221 2983 2293 ab
3030 2240 3250 2294 1111.

837 2322 954 2395 die
983 2317 1174 2393 Maii
1211 2317 1436 2388 nullas
1485 2314 1576 2386 ab
1628 2314 1722 2389 D.
1773 2314 1848 2387 T
1898 2318 2142 2410 accepi
2190 2316 2418 2388 literas
2443 2366 2464 2399 ,
2514 2336 2603 2389 ex
2668 2316 2923 2411 quibus
2984 2318 3249 2413 aliquid

835 2414 986 2513 spei
1032 2408 1654 2503 consolationist‘lue
1689 2411 2192 2485 ostenderetur.
2290 2409 2453 2505 Jam·
2492 2411 2568 2485 δι
2605 2410 3073 2509 Tysenacium
3122 2416 3257 2487 iter

843 2514 932 2585 ad
969 2533 1099 2584 nos
1120 2558 1144 2595 ,
1191 2530 1260 2581 te
1305 2506 1719 2580 adveniente
1739 2556 1765 2592 ,
1835 2526 2275 2603 arrepturum
2334 2508 2734 2602 putavimus
2756 2562 2778 2596 ‚
2828 2532 2961 2583 nec
3014 2531 3249 2584 tamen

841 2604 1186 2683 hasskenus·
1212 2604 1598 2696 intelligere
1639 2605 1992 2697 potuimus
2034 2603 2206 2676 illud
2230 2624 2391 2677 eum
2418 2600 2787 2699 ingressum
2818 2603 2952 2677 effe
2974 2632 2997 2691 3
3046 2606 3247 2701 cujus

841 2706 1220 2779 adventum
1273 2717 1704 2794 quantopere
1787 2697 2173 2795 expeetem.
2223 2698 2319 2773 D.
2372 2698 2467 2773 T.
2514 2724 2658 2774 non
2715 2705 2921 2789 l'atet,
2984 2700 3059 2774 δι
3097 2704 3255 2776 haec

843 2822 1170 2895 tempora
1203 2818 1433 2869 meum
1453 2792 1869 2869 desiderium
1906 2818 2203 2893 augent,
2257 2819 2402 2893 quo
2432 2820 2519 2869 ex
2564 2796 2709 2869 istis
2740 2801 2981 2887 malis,
3012 2797 3064 2870 fi
3110 2820 3257 2871 non

843 2916 1037 2971 totus
1077 2897 1369 2988 eripiar,
1417 2892 1650 2987 aliqua
1695 2913 1925 2965 tamen
1984 2916 2076 2965 ex
2192 2916 2337 2967 arte
2396 2890 2740 2968 sublever.

941 2987 1404 3067 Commiss‘arii
1436 2988 1691 3075 nostri,
1739 2990 1866 3083 qui
1899 2991 2087 3084 apud
2196 3011 2401 3085 rugas
2442 3013 2601 3063 cum
2648 2990 2895 3087 Anglis
2944 3012 3252 3065 commu—

843 3092 1209 3180 nicarunt,
1257 3108 1330 3159 re
1365 3082 1624 3160 infesta
1660 3085 2019 3161 redierunt
2034 3135 2061 3174 ,
2107 3083 2429 3185 suspensa
2470 3088 2675 3161 omni
2709 3087 3133 3162 resolutione
3158 3085 3255 3161 'ad

675 3201 696 3231 Χ
829 3184 962 3262 ‘Re
1011 3190 1069 3259 is
1123 3187 1518 3257 adventum.
3286 3248 3299 3262 ,

947 3212 1281 3357 gob-elius
1311 3300 1598 3379 quoque
1635 3300 1797 3352 cum
1845 3278 2297 3354 Manaveldi'o
2354 3278 2395 3352 a
2429 3280 2730 3354 comitiis
2776 3280 2955 3378 Imp:
3019 3300 3253 3355 rever-

849 3378 972 3453 fus·
1007 3380 1146 3461 est,
1197 3400 1279 3450 ac
1319 3390 1326 3397 ’
1403 3377 1685 3447 raeclare
1727 3374 2187 3475 omnia-gesta
2234 3374 2495 3463 refert,
2547 3381 3134 3474 quemadmodum
3168 3398 3259 3453 ex

845 3478 1084 3646 liniris·
1109 3471 1306 3547 Duci
1361 3494 1423 3545 ae
1444 3522 1465 3560 ,
1517 3470 1640 3544 ubi
1678 3470 1959 3571 scripto·
1984 3476 2217 3547 omnia
2267 3474 2663 3551 exhibuerit
2684 3530 2706 3565 ,
2753 3478 3031 3573 plenius
3083 3496 3251 3569 cog·

849 3596 946 3648 no
978 3594 1114 3646 ces.
1359 3591 1367 3600 ·

943 3668 1081 3745 Ber
1133 3664 1308 3742 ensis
1339 3661 1548 3738 serius
1597 3668 1684 3739 ad
1733 3690 1864 3741 vos
1911 3668 2112 3742 veni't
2166 3666 2379 3760 quam
2439 3692 2571 3744 nos
2622 3665 3129 3752 desideramus,
3180 3666 3259 3740 δι

849 3764 1058 3868 quam
1174 3764 1311 3859 eip.
1363 3761 1570 3835 status
1623 3764 2017 3859 requirebat
2053 3816 2075 3850 ,
2135 3760 2383 3835 versun
2428 3764 2851 3837 intellexistis
2900 3786 3065 3859 quae
3100 3784 3263 3835 eum

851 3859 1052 3934 causti
1105 3860 1519 3946 detinuerit3
1569 3860 2053 3933 utinam-vero
2097 3854 2347 3952 Re'giae
2396 3858 2747 3957 Majestati
2806 3856 3258 3953 persuadeat,

853 3976 934 4031 ut
977 3957 1350 4031 adventum
1384 3952 1580 4029 suum
1633 3974 1973 4043 maturet,
2018 3974 2233 4048 atque
2270 3956 2353 4029 iis
2406 3976 2564 4048 quae
2632 3954 3057 4029 delationem
3108 3974 3273 4023 non-2

852 4052 1088 4127 ferunt
1118 4106 1142 4141 ,
1216 4053 1600 4147 prudenter
1661 4072 1863 4127 antea
1924 4046 2318 4147 provideat.
2392 4050 2588 4123 Bene
2652 4054 2878 4139 vale,
2948 4046 3104 4123 CL.
3158 4047 3277 4120 D.-

852 4147 1316 4229 Euentu.
1367 4146 1719 4227 Bruxellae
1763 4168 2031 4229 xxvn.
2080 4145 2297 4240 Junii.
2348 4166 2505 4225 cro.
2542 4154 2642 4223 ro·
2676 4166 2889 4226 var.

3033 4334 3274 4413 EPR—
3340 4385 3345 4394 -
