3700 4884
49 7 126 268 s

329 331 334 338 ⁶
386 402 1034 502 EPISTOLAE
1087 401 1266 498 AD
1297 401 1728 512 JOACH.
1766 324 2485 503 HOPPERUM.
2549 389 2725 526 777

397 599 768 698 Jaquelina
809 599 1043 694 neptis
1095 621 1246 678 mea
1269 648 1292 683 ‚
1343 596 1538 672 Petri
1589 594 1861 692 Bugirii
1922 617 2135 686 uxor,
2186 604 2419 696 priore
2468 597 2729 676 amiss'o·

312 697 572 787 filiolo,
637 699 938 772 alterum
1001 698 1320 792 peperit,
1389 691 1937 789 Gerbrandiqu‘e
2012 700 2228 792 patris
2299 697 2402 770 sui
2450 719 2704 772 nomen

303 817 526 890 puero
561 793 854 867 indidit:
909 813 991 867 ac
1025 793 1249 866 indies
1297 812 1587 886 quoque
1635 791 1965 864 nuncium
1999 794 2421 888 expestode
2477 793 2704 871 Bauc-

308 892 446 964 kiae
495 888 936 986 Bugyranae,
982 885 1322 963 Ηεὲὶοτὶε
1349 886 1624 982 nepotis
1655 888 1790 959 mei
1826 889 2107 978 uxoris,
2162 911 2410 986 partu3
2462 890 2703 984 &jam

307 987 586 1082 pridem
625 988 712 1060 ab
750 987 899 1070 eis,
949 1005 1029 1060 ut
1095 982 1146 1060 fi
1204 985 1576 1060 masculum
1629 981 1838 1058 fuerit
1890 986 2091 1061 enixa
2159 1004 2523 1082 compater
2566 987 2703 1061 iilis

311 1081 516 1168 fiam,
565 1104 850 1177 rogatus
895 1079 1063 1154 sum.
2446 1117 2451 1122 ·

221 1187 228 1195 “
307 1243 316 1250 .
398 1177 497 1250 D.
550 1177 1011 1252 Wibrandum
1081 1171 1182 1248 D.
1233 1171 1330 1247 T.
1403 1176 1650 1251 iterum
1703 1194 1913 1272 atque
1976 1179 2223 1254 iterum
2266 1159 2704 1255 commendo.

299 1272 628 1368 Regique
660 1295 818 1346 meo
863 1273 1144 1347 nomine
1199 1267 1536 1346 affirmare
1591 1273 1857 1368 poteris
1885 1325 1907 1358 ‚
1960 1277 2323 1348 maximam
2374 1277 2572 1350 illum
2607 1275 2698 1350 de

299 1369 368 1451 se
401 1370 632 1466 spem,
683 1366 1370 1464 expeftationemque
1427 1369 1760 1464 praebere.
1865 1367 2318 1470 Omninoque
2373 1371 2655 1446 confido
2678 1421 2703 1457 ,

302 1463 351 1538 fi
411 1467 570 1540 Rex
621 1463 962 1542 defiderio
1019 1486 1179 1539 meo
1229 1461 1544 1540 annuere'
1579 1463 1980 1562 dignabitur
2018 1515 2041 1552 ,
2105 1467 2517 1543 effestumm
2584 1490 2701 1542 me

300 1582 382 1636 ut
429 1560 754 1656 Majestas
785 1559 903 1634 sua
935 1561 1290 1656 egregium
1353 1564 1428 1636 in
1465 1584 1553 1635 eo
1606 1559 2013 1641 servitorem
2055 1563 2377 1651 habitura
2406 1561 2508 1639 sit.

401 1657 626 1752 Quod
681 1660 774 1734 de
837 1658 1216 1732 honorat-io
1292 1677 1426 1754 pro
1453 1721 1466 1730 .
1491 1659 1943 1753 expeditione
1991 1660 2479 1736 commissionis
2533 1663 2706 1736 novi

303 1751 818 1828 Gubernatoris
851 1751 950 1827 D.
999 1753 1095 1828 T.
1147 1752 1472 1838 debetur,
1521 1777 1652 1848 per
1682 1761 2287 1849 opportunitatem
2340 1779 2499 1832 eum
2548 1756 2706 1840 sub-

301 1852 570 1924 moneri
601 1851 852 1924 lubens
884 1850 1188 1938 curabo,
1241 1871 1609 1945 ceteraque
1643 1873 1805 1948 quae
1834 1854 1922 1924 ad
1960 1874 2027 1926 te
2070 1852 2362 1950 tuosque
2394 1856 2709 1950 pertine.

181 1973 194 1979 ·
301 1946 528 2030 bunt,
575 1943 873 2018 fideliter
911 1947 1100 2040 apud
1138 1969 1294 2019 eum
1351 1947 1813 2041 promovebo.
2550 1963 2558 1968 ’
2731 1951 2771 1986 a

404 2041 636 2126 Stina,
701 2059 986 2134 totaque
1039 2038 1299 2117 familia
1356 2041 1586 2115 nostra
1635 2039 1734 2114 D.
1783 2039 1879 2115 T.
1954 2039 2236 2137 ejusque
2293 2047 2501 2141 conJu
2559 2048 2575 2063 ⁰
2630 2048 2709 2120 δε

303 2135 586 2212 familiae
613 2135 680 2210 se
708 2138 1082 2233 plurimum
1114 2137 1577 2212 commendat.
1631 2137 1822 2210 Bene
1875 2141 2073 2218 vale,
2128 2137 2283 2211 CL.
2332 2141 2430 2216 D.
2480 2070 2618 2217 15¹0
2636 2163 2707 2216 ι’·

305 2255 560 2310 ran.
657 2231 1008 2310 Bruxellae
1057 2257 1128 2316 x.
1181 2231 1635 2310 Novembris.
1685 2252 1816 2307 cro
1876 2254 1960 2308 ιο
2019 2252 2321 2310 untur.

763 2437 1776 2553 EPISTQLA
1892 2437 2370 2542 CCXV.

1225 2707 1236 2718 .
1353 2637 1652 2714 Inedita.
1677 2629 1682 2632 ¹

302 2845 518 2938 Dux
569 2845 938 2937 Albanus
991 2875 1221 2964 aeger.
1338 2846 1919 2939 Noircarmt’us
1952 2853 2199 2968 copiis
2229 2848 2717 2944 militaribus

311 2977 318 2983 “
428 2969 512 3050 in
563 2959 1015 3050 Hollandia
1047 2960 1506 3078 praefhc‘lus.
1638 2959 2264 3081 Haga-Comitis
2322 2961 2437 3053 69⁹
2494 2961 2721 3078 Slusa

417 3073 934 3188 Maeflandiae
951 3136 980 3179 ,
1036 3097 1556 3189 recuperatae.
1671 3075 1797 3162 D.
1858 3103 1910 3158 a
1966 3073 2249 3164 Sancta
2301 3073 2709 3190 Aldegun·

409 3189 518 3276 da
580 3194 986 3304 captivus,
1040 3193 1182 3299 qui
1213 3187 1358 3302 sui
1405 3215 1586 3276 cum
1659 3185 1969 3276 comite
2022 3189 2124 3272 de
2178 3182 2469 3300 Bouffu
2511 3217 2713 3283 com-

408 3307 930 3388 mutationem
999 3297 1260 3408 Qffert.
1400 3299 2048 3389 Commendator’
2091 3311 2549 3416 expectatus
2602 3310 2715 3392 in—

415 3433 560 3500 tra
643 3409 994 3498 biduum.
1089 3409 1462 3499 Albanus
1549 3407 1861 3498 abitum
1906 3439 1913 3444 ·
1924 3408 2158 3523 suum
2244 3413 2716 3507 declaravit.

426 3523 696 3640 Quam
757 3525 1326 3612 incommodum
1359 3521 1520 3632 stt,
1575 3552 1728 3612 non
1775 3523 1925 3642 effi’
1952 3523 2311 3639 ‘Consilio
2359 3528 2719 3624 Privato

414 3641 694 3727 datum
741 3635 1182 3753 praefidem.
1299 3635 1619 3756 Praefi’s
1671 3633 2081 3728 Flantlriae
2124 3638 2541 3733 decumbit.

469 3863 558 3958 L.
588 3863 681 3938 D.
705 3863 790 3937 H
805 3802 854 3938 οι
867 3885 909 3939 1³
924 3885 964 3938 Ρ
983 3883 1028 3936 Β
1049 3885 1098 3936 R
1119 3885 1185 3939 r..
1237 3861 1585 3942 Postridie
1603 3863 1703 3940 D.
1735 3865 2030 3941 Martini
2052 3863 2523 3944 Illustrisfimus
2542 3863 2719 3944 Dux

515 3959 748 4033 noster
777 3961 870 4034 ab
917 3962 1369 4056 expeditione
1384 3960 1818 4035 Hollandica
1845 3963 1991 4034 huc
2022 3960 2251 4034 rediit.
2354 3961 2455 4038 Et
2483 3988 2721 4060 quam-
2824 3975 2841 3984 “

353 4079 514 4128 uam
553 4057 632 4128 in
674 4057 744 4128 in
829 4055 968 4130 effu
1009 4053 1222 4132 sanus
1275 4080 1360 4132 ac
1411 4058 1787 4132 incolumis
1849 4055 2225 4130 videbatur
2246 4111 2270 4150 ‚
2320 4060 2435 4134 die
2486 4083 2723 4134 tamen

328 4152 616 4249 equenti
637 4201 660 4237 ,
711 4173 750 4224 c
803 4175 870 4223 m
897 4175 1054 4228 eum
1089 4152 1472 4245 vilitatem,
1507 4156 1582 4228 in
1636 4149 1820 4231 lefto
1892 4153 2421 4232 decumbentem
2476 4179 2733 4254 reppe-

298 4251 402 4341 ri,
451 4270 536 4326 ac
589 4245 931 4346 podagrae
995 4251 1284 4328 dolores
1329 4250 1400 4332 se
1464 4245 1974 4443 ρὲεἱεὲεῗῖΐέεκ
2042 4252 2287 4350 ajebat.
2386 4251 2733 4428 Noixffiffi
