3700 4884
846 414 857 425 ·
922 378 1099 493 694
1151 370 1637 477 VIGLII
1691 392 1827 468 An
1885 360 2414 462 AYTTA
2463 360 3216 465 zmoHEm

921 566 1147 666 Regia
1194 564 1525 663 Maiestas
1570 566 1645 639 in
1678 564 1861 668 dotis
1899 581 2383 664 augmentum,
2435 556 2510 633 &
2541 558 3004 638 Univerfitati
3031 564 3336 643 liberali·

922 684 1029 738 ter
1062 664 1446 740 contr'ibuit
1476 719 1496 751 ‚
1548 660 1880 755 consequi
1913 664 2222 755 queant.'
2295 656 2764 753 Quapropter
2802 657 2896 733 D.
2949 658 3038 733 V.
3091 667 3162 737 di
3213 686 3335 738 na-

922 760 1114 836 bitur
1139 818 1157 847 ‚
1210 784 1369 856 quae
1405 759 1674 857 semper
1709 756 2020 831 studiosis
2059 751 2306 837 affesta
2335 754 2510 845 fuit,
2558 774 2931 855 patronum
2964 754 3033 831 se
3068 764 3134 834 ei
3217 784 3338 836 ca-

926 856 1174 931 demiae
1228 858 1571 931 exhibere.
2080 862 2114 875 ““
2909 862 2918 871 '

1018 954 1307 1050 Scripsit
1344 950 1545 1028 semel
1578 972 1787 1046 atque
1838 951 2086 1023 iterum
2119 947 2208 1021 ad
2253 947 2762 1023 illustriffunum
2799 949 3078 1030 Ducem
3105 951 3332 1049 Regia

918 1049 1253 1147 Majestas
1310 1050 1397 1123 de
1447 1048 1929 1145 conquirendo
1981 1044 2438 1131 cmfeffme,
2491 1046 2773 1119 Medico
2827 1070 2911 1121 ac
2969 1047 3329 1143 Chirurgo

914 1168 1052 1241 pro
1100 1145 1595 1221 commoditate
1656 1142 1932 1226 Curiae‚
1985 1144 2106 1237 qui
2135 1138 2414 1215 Praefidi
2452 1140 2901 1238 Tyrenachio
2931 1168 3015 1219 ae
3047 1144 3219 1219 mibi
3247 1146 3323 1221 id

916 1246 1237 1341 injunxit.
1342 1241 1606 1315 Verum
1650 1262 1917 1313 moram
1960 1238 2165 1311 nobis
2221 1237 2489 1331 injicit,
2543 1242 2732 1336 quod
2773 1237 3109 1327 nesciam,
3159 1263 3320 1337 quae

919 1363 1159 1412 eorum
1228 1336 1461 1412 futura
1508 1336 1637 1409 fint
1674 1338 1748 1409 sti
1850 1336 2009 1407 ndia
2038 1386 2060 1420 ,
2115 1338 3322 1433 emolumentaque,ae-quodnemo

918 1437 1243 1511 lubenter
1282 1433 1419 1507 fine
1448 1434 1709 1507 viatico
1774 1454 2025 1525 ongam
2067 1423 2577 1527 profestionem
2607 1429 2919 1506 instituit.

1016 1531 1201 1605 Cum
1253 1531 1420 1603 mihi
1476 1548 1709 1603 autem
1762 1548 2108 1624 perpetuo
2155 1548 2318 1602 cum
2351 1529 2872 1623 Chirurgis-res
2913 1526 3037 1615 fit,
3091 1526 3136 1601 ὲ
3171 1529 3322 1624 qui·

929 1628 1221 1703 busdam
1292 1628 1464 1701 mihi
1506 1627 2029 1700 commendatus
2082 1620 2183 1694 est
2243 1624 2526 1717 quidam
2569 1622 2872 1699 νει-ἠως
2903 1624 3206 1699 inItalia
3237 1636 3322 1701 ae

922 1724 1162 1799 Gallia
1188 1775 1209 1806 ,
1258 1722 1444 1796 bene
1492 1723 1824 1802 idoneus,
1873 1716 1990 1793 sed
2039 1714 2376 1793 desiderat
2425 1740 2706 1793 centum
2755 1741 3128 1795 coronatos
3179 1744 3318 1817 pro

916 1820 1302 1916 sumptibus
1354 1821 1621 1893 itineris
1668 1841 1774 1912 ac:³
1803 1818 1951 1890 aliis
1983 1816 2250 1889 damnis
2277 1866 2298 1901 ,
2349 1838 2514 1912 quae
2561 1812 2888 1893 sustinere
2922 1819 3194 1913 coginu-
3223 1842 3318 1893 ex

918 1920 1303 1991 mutatione
1362 1917 1463 1990 rei
1525 1912 1900 1987 familiaris.
2003 1912 2487 2007 Quamobrem
2541 1910 2590 1983 fi
2649 1916 2842 1989 hunc
2875 1917 3184 2009 aliosque
3223 1913 3314 1988 ad

918 2036 1054 2089 vos
1102 2034 1371 2087 mature
1432 2014 1671 2085 venire
1726 2010 2130 2094 volueritis,
2181 2029 2364 2103 opus
2395 2008 2494 2083 est
2537 2030 2622 2081 ut
2659 2012 2750 2083 de
2779 2012 3044 2086 viatico
3077 2010 3318 2106 provi·

919 2111 1181 2199 deatis,
1234 2132 1393 2184 nam
1432 2107 1591 2195 hic,
1642 2107 1766 2199 qui
1800 2106 2168 2201 pecuniam
2215 2126 2511 2199 petunt,
2563 2103 2781 2180 surdis
2816 2107 3121 2185 fabulam
3167 2130 3320 2185 uar-

918 2225 1091 2281 rant.
1192 2202 1569 2281 Bruxellae.
1610 2222 1739 2275 ιι.
1786 2200 2106 2300 Augusti.
2157 2221 2290 2275 cio
2347 2221 2428 2273 ιο
2481 2222 2716 2275 Lxxn.

1146 2406 2166 2513 EPISTOLA
2301 2406 3148 2560 chxvl„

914 2636 1331 2757 Deputati
1362 2634 1736 2728 Statuam
1760 2634 2088 2759 benigne
2123 2668 2228 2727 ex
2247 2636 2656 2757 Hispania
2677 2662 2980 2757 praetcr
3023 2649 3306 2760 opinio-

1034 2784 1219 2841 nem
1250 2754 1546 2873 dimtffi.
1630 2752 1722 2843 V
1714 2774 2000 2843 eretur
2029 2756 2141 2841 ad
2175 2752 2533 2864 effictum
2571 2758 2848 2847 deduci
2883 2784 3034 2845 non
3045 2758 3258 2875 pff
3274 2816 3306 2863 ,

1029 2894 1208 2983 quae
1262 2866 1454 2956 Rex
1505 2868 1888 2959 decrevit.
2015 2867 2368 2977 Consiliis
2423 2869 2610 2957 olim
2622 2868 2802 2984 suis
2825 2896 2978 2955 non
3009 2872 3114 2981 cst
3145 2900 3311 2959 am-

1014 2982 1245 3099 plius
1280 2981 1512 3069 locus.
1626 2978 1944 3095 Religio
1979 3000 2141 3067 tota
2179 2989 2500 3097 regione
2529 2981 3070 3097 periclitatur.
3158 2983 3306 3073 Bo-

1027 3101 1113 3179 ni
1144 3100 1225 3181 in
1264 3094 1595 3181 exilium
1602 3092 1896 3209 sponte
1924 3114 2136 3182 eunt.
2203 3094 2495 3211 Carpit
2527 3094 3012 3213 Hopperum
3030 3160 3058 3203 ,
3101 3100 3310 3212 quod

1002 3205 1107 3319 se
1151 3207 1505 3322 aliosque
1552 3206 1939 3319 ministros
1996 3204 2292 3323 Belgas
2353 3216 2704 3297 omnium
2763 3210 3313 3301 calamitatum

1029 3346 1210 3405 reos
1248 3318 1539 3428 facere
1612 3320 2012 3429 videatur.
2129 3318 2333 3413 Non
2389 3323 2506 3409 ad
2527 3318 2627 3434 se
2655 3324 3073 3439 pertinere
3119 3333 3241 3413 ait
3281 3385 3316 3432 ‚

1088 3434 1241 3521 uod
1282 3430 1530 3547 Regis
1569 3430 1803 3545 J‘zffo
1859 3433 2191 3549 impleta
2224 3434 2589 3545 nonfuit.
2707 3434 2852 3525 De
2889 3466 2982 3523 x.
3011 3440 3186 3525 den.
3223 3446 3308 3527 in

1002 3457 1413 3661 Jeme-mia
1447 3543 1611 3659 saa
1664 3544 2027 3657 persistit.
2153 3545 2432 3636 Status
2483 3548 2725 3665 Reip.
2777 3555 2927 3637 vix
2969 3550 3306 3657 nonstne

1026 3660 1398 3747 remedio,
1514 3656 1886 3771 Excusat
1937 3663 2154 3777 quod
2175 3667 2509 3777 parcius
2543 3667 2643 3747 cle
2665 3662 3008 3754 motibus
3037 3664 3196 3753 Bel
3240 3670 3298 3752 i-

1026 3778 1137 3860 cis
1234 3768 1630 3887 cripserit.
1752 3770 2171 3861 Senatores
2237 3772 2636 3861 Hollandi
2701 3776 3148 3885 Trajectum
3225 3807 3304 3865 e·

1026 3908 1115 3970 ce
1170 3906 1410 3972 erunt
1426 3946 1453 3989 ,
1509 3884 1851 3995 instituto
1886 3916 1938 3971 a
1965 3885 2275 4003 Geufiis
2303 3886 2614 4005 Hagae-
2637 3886 2859 3981 Com.
2879 3918 3076 3979 novo
3107 3888 3305 3983 Con-

995 3995 1085 4104 fi
1115 4004 1189 4082 io
1207 4057 1235 4100 ,
1294 3994 1411 4089 ἔθ’
1428 3996 1815 4086 celebrato
1833 3996 2248 4109 Dordraci
2273 4000 2648 4090 Statuam
2667 4025 3078 4093 conventu.
3137 4002 3310 4093 Ru-

920 4112 929 4151 ·’
1020 4111 1441 4240 ναζηιαηάιε
1478 4118 1563 4205 ia
1594 4111 1993 4232 religiosos
2011 4112 2416 4233 savirum.
2485 4116 2902 4213 Corrctius
2925 4116 3042 4217 ἐς*
3095 4116 3309 4321 QZ?

1895 4286 1906 4291 ·
3081 4258 3172 4325 re
3259 4258 3304 4323 θ
