3700 4884
941 355 1122 451 σω
1187 343 1662 456 VIGLn
1713 309 1855 440 A}
1910 303 2425 442 AYTTA
2474 307 3252 442 ZUICHEMt‘
3382 339 3411 348 “

1043 547 1262 622 Certe
1309 540 1604 620 Confilii
1651 539 1887 618 Status
1942 540 2142 616 nulla
2171 539 2467 638 amplius
2512 539 2619 616 est·
2644 535 2910 626 forma,
2962 559 3097 613 nec
3122 538 3375 614 insti-uu

947 641 1260 716 &ionum
1307 661 1601 736 magnus
1655 634 2003 732 respectus
2034 688 2061 726 ,
2110 639 2304 733 quod
2366 637 2559 712 forte
2614 639 2825 710 certis
2882 633 2973 708 de
3008 632 3233 710 caufis
3274 637 3371 710 ita
3458 693 3463 696 -

949 731 1140 831 Regi
1180 734 1402 810 visum
1437 735 1572 808 fuit
1594 789 1615 823 ,
1661 731 1778 806 sed
1831 755 2257 830 perpetuum
2294 736 2439 808 hoc
2470 731 2601 808 effe
2624 785 2647 820 ,
2697 729 2969 817 nescio,
3016 753 3104 804 an
3154 753 3371 826 expe-

953 832 1137 919 ἀίεις
1185 833 1262 906 δι
1307 853 1560 906 vereor
1601 855 1690 903 ne
1728 832 2087 925 plerique,
2136 830 2261 926 qui
2308 830 2684 925 privilegia
2728 826 2846 908 sua
2886 827 3151 903 violata
3204 849 3371 902 con·

951 947 1334 1021 queruntur
1349 978 1376 1012 ,
1423 928 1500 998 in
1547 924 1909 1021 antiquam
1946 924 2215 1022 sylvam
2229 973 2251 1014 ‚
2301 925 2715 1004 adveniente
2770 943 2963 998 novo
2998 921 3367 999 Guberna-

958 1044 1156 1108 tore,
1211 1023 1444 1099 redire
1479 1023 1741 1095 volent.

1050 1118 1170 1194 De
1216 1123 1455 1193 rotulo
1506 1117 1913 1192 innovando
1968 1117 2145 1192 nihil
2180 1116 2268 1192 ad
2302 1139 2414 1190 rne
2445 1114 2781 1213 scriptum
2820 1113 3101 1190 memini
3120 1166 3161 1202 ,.
3196 1136 3373 1188 eam·

957 1239 1094 1312 que
1143 1235 1282 1288 tarn
1327 1216 1416 1288 ab
1469 1213 1820 1310 Capitulis
1880 1209 2436 1308 Cameribusque
2478 1209 2727 1309 Regiis
2750 1262 2783 1296 ‚
2822 1233 3028 1308 qnam
3060 1211 3371 1283 nostrati-

955 1312 1091 1384 bus
1138 1310 1550 1384 hominibus
1591 1310 2004 1384 calumnia-m
2056 1312 2152 1384 ob
2204 1310 2631 1382 noviffimum
2680 1313 2985 1382 rotulum
3046 1305 3373 1394 sustinui,

953 1426 1036 1480 ut
1082 1405 1156 1480 ei·
1193 1404 1305 1479 rei
1343 1429 1642 1501 operam
1683 1427 1937 1480 navare
1986 1427 2133 1482 non
2178 1403 2551 1478 desiderem
2572 1455 2597 1487 ,
2650 1403 3095 1498 excusarique
3144 1402 3269 1476 abs
3306 1421 3376 1476 te

957 1523 1216 1598 petam.

1057 1597 1588 1672 Inundationum
1635 1595 2017 1670 nostrarum
2068 1595 2317 1668 damna
2364 1596 2699 1691 proximis
2756 1596 2843 1670 ad
2886 1616 2959 1668 te
3012 1593 3383 1690 perscripsi

955 1693 1174 1804 literis
1193 1745 1213 1778 ,
1263 1691 1306 1764 ὲ
1343 1693 1602 1786 quibus
1651 1693 1859 1766 etiam
1884 1690 2263 1777 Emdenses
2280 1743 2305 1779 ,
2339 1690 3027 1790 Hamburgensesque
3058 1715 3203 1766 non
3230 1693 3383 1766 fue·

961 1813 1039 1862 re
1085 1810 1451 1862 immunes.
1589 1855 1600 1864 .
3192 1843 3201 1850 -

1053 1883 1308 1973 Bucho
1345 1887 1435 1958 ad
1473 1907 1582 1958 me
1632 1908 1720 1956 ex
1753 1883 2015 1978 Papia,
2062 1886 2189 1980 qui
2231 1886 2547 1980 pecuniae
2583 1885 3009 1980 accipiendae
3042 1882 3247 1957 causa
3292 1907 3381 1958 eo

959 2001 1452 2076 praecurrerat‚
1505 1983 1739 2054 literas
1789 1981 2023 2066 dedit,
2074 1979 2509 2076 caeterosque
2548 2004 2637 2053 ex
2684 1981 2939 2054 Genua
2974 1979 3376 2054 subsecutu-

963 2100 1116 2162 ros,
1169 2077 1482 2170 nihilque
1529 2079 1662 2148 illis
1699 2080 1770 2150 in
1822 2077 1962 2149 hoc
2018 2076 2271 2152 itinere
2320 2075 2579 2152 adverfi
2626 2074 2941 2150 accidiffe
2996 2074 3406 2172 fignificat,-

961 2174 1050 2246 de
1079 2195 1226 2268 quo
1259 2176 1556 2250 multum
1580 2171 1855 2268 gavisus
1886 2172 2009 2244 fui.
2058 2172 2251 2248 Bene
2282 2176 2467 2259 vale,
2494 2173 2847 2250 Homaa
2884 2171 3043 2247 CL.
3082 2171 3385 2250 Bruxel-

961 2269 1048 2342 1ae
1085 2292 1164 2344 v·
1201 2265 1580 2344 Decembr.
1621 2291 1748 2342 em
1801 2291 1885 2344 ια
1920 2289 2115 2342 mxx,

1405 2475 2421 2570 EPIS'TOLA
2538 2477 2940 2570 CXX.

972 2699 1326 2808 Vailli‘us
1417 2699 1588 2790 The
1624 2707 2008 2791 aurarius
2076 2701 2682 2818 Antverpi'etfis
2738 2706 2819 2789 iu
2880 2701 3399 2819 IJtspanianr

1085 2815 1393 2923 trafgsit.
1599 2824 1827 2902 iratae
1884 2824 1963 2902 in
2020 2814 2272 2926 Frisiiz
2314 2879 2341 2922 ‚
2399 2819 2601 2902 unde
2656 2814 2930 2904 Abbas
2982 2817 3397 2906 Heemlu·

1083 2929 1362 3038 mensts
1415 2927 1807 3025 abductus.
1887 2927 2302 3037 Bernerfis
2356 2927 2712 3016 Abban'a
2766 2961 2819 3016 a
2934 2931 3385 3021 raedonibus

1073 3043 1325 3158 pcsffiz.
1444 3041 1893 3158 Episcopus
1948 3041 2563 3148 Davemriensts
2580 3088 2589 3098 ·
2608 3051 2687 3128 in
2709 3067 2823 3159 po
2876 3044 3223 3157 cffionem
3256 3053 3386 3130 in·

1086 3159 1374 3244 duam.
1507 3155 1834 3242 Rumor
1892 3157 1991 3239 de
2052 3152 2511 3241 Cardinalis
2576 3153 3115 3243 Granvellani
3170 3159 3382 3247 redi-

1089 3288 1182 3354 tu
1216 3329 1244 3372 ,
1301 3297 1537 3384 quem
1593 3275 1788 3386 quia
1843 3265 2291 3384 Hopperus
2348 3267 2808 3382 dffmulat‚
2864 3275 3265 3386 arguitur.

1021 3563 1026 3568 .
1146 3487 1291 3566 Um
1342 3495 1484 3566 huc
1515 3491 1863 3578 tranfiret‚
1916 3491 2379 3568 HOPPERE
2434 3493 2589 3568 CL.
2636 3493 2939 3570 V'aillius
2994 3494 3391 3573 Thesaura-

999 3688 1003 3692 ἡ
1194 3590 1336 3664 rius
1379 3588 1576 3685 (40)
1627 3591 1933 3664 civitatis
1964 3587 2528 3685 Antverpienfis,
2581 3589 3019 3702 rogassetque
3056 3594 3391 3687 nunqui'd

971 3689 1048 3761 i'n
1098 3683 1510 3780 Hispaniam
1551 3687 1845 3773 vellem,
1900 3687 2094 3758 nolui
2148 3684 2283 3756 fine
2318 3689 2481 3758 meis
2514 3689 2731 3762 literis
2778 3713 2937 3760 eum
2991 3688 3387 3780 dimittere,

975 3781 1141 3856 licet
1171 3781 1516 3857 scribendi
1561 3783 1915 3855 materiam
1955 3805 2095 3854 non
2127 3803 2441 3874 magnam
2466 3784 2789 3856 haberem
2815 3837 2837 3868 ,
2890 3781 3051 3857 cum
3080 3782 3391 3880 superio-

981 3878 1172 3952 ribus
1207 3878 1454 3954 diebus
1503 3879 1772 3974 aliquot
1815 3875 1909 3950 ad
1956 3897 2024 3950 te
2067 3880 2300 3950 literas
2344 3878 2678 3954 dederim.
2777 3879 2968 3954 Ill'ud
3004 3900 3241 3956 autem
3276 3905 3393 3955 re·

1974 4015 1989 4030 =
3164 3999 3389 4054 ticere

1063 4081 1234 4169 (40)
1284 4081 1588 4169 Vatum)
1631 4087 2041 4164 Com-atius,
2083 4086 2341 4170 Eques,
2383 4089 2839 4158 thesaurarius
2864 4091 2949 4160 ab
2978 4109 3164 4160 anno
3196 4113 3225 4160 1
3274 4098 3417 4178 67..

975 4161 1190 4249 usque
1230 4163 1462 4233 adan.
1515 4185 1700 4252 1574.
1743 4183 1948 4235 antea
1996 4169 2323 4240 scabinus.
2372 4169 2457 4244 V.
2495 4173 2777 4246 Biakmr
2797 4175 3090 4264 Tropbees
3112 4177 3187 4244 de
3272 4197 3411 4245 ra·

975 4249 1139 4323 bant.
1182 4263 1324 4320 tom.
1371 4265 1434 4316 2.
1464 4265 1531 4333 p.
1571 4269 1724 4333 509·
1762 4269 1920 4322 nov.
1956 4249 2117 4320 edit„
2750 4297 2761 4306 ·
