<?xml version="1.0" encoding="UTF-8"?>
<!DOCTYPE html PUBLIC "-//W3C//DTD XHTML 1.0 Transitional//EN"
    "http://www.w3.org/TR/xhtml1/DTD/xhtml1-transitional.dtd">
<html xmlns="http://www.w3.org/1999/xhtml" xml:lang="en" lang="en">
 <head>
  <title>
</title>
<meta http-equiv="Content-Type" content="text/html;charset=utf-8" />
  <meta name='ocr-system' content='tesseract 3.04.00' />
  <meta name='ocr-capabilities' content='ocr_page ocr_carea ocr_par ocr_line ocrx_word'/>
</head>
<body>
  <div class='ocr_page' id='page_1' title='image "./vitavigliiabayt00unkngoog_0455.png"; bbox 0 0 3700 4884; ppageno 0'>
   <div class='ocr_carea' id='block_1_1' title="bbox 876 326 3220 463">
    <p class='ocr_par' dir='ltr' id='par_1_1' title="bbox 876 326 3220 463">
     <span class='ocr_line' id='line_1_1' title="bbox 876 326 3220 463; baseline 0.001 -37"><span class='ocrx_word' id='word_1_1' title='bbox 876 352 1085 463; x_wconf 70' lang='lat'>-2782</span> <span class='ocrx_word' id='word_1_2' title='bbox 1144 336 1610 451; x_wconf 72' lang='lat' dir='ltr'>VIGLH.</span> <span class='ocrx_word' id='word_1_3' title='bbox 1662 360 1797 433; x_wconf 74' lang='lat' dir='ltr'>AB</span> <span class='ocrx_word' id='word_1_4' title='bbox 1855 328 2372 439; x_wconf 84' lang='lat' dir='ltr'>AYTTA</span> <span class='ocrx_word' id='word_1_5' title='bbox 2435 326 3220 429; x_wconf 75' lang='lat' dir='ltr'><strong>ZUICHEMI</strong></span> 
     </span>
    </p>
   </div>
   <div class='ocr_carea' id='block_1_2' title="bbox 917 518 3324 819">
    <p class='ocr_par' dir='ltr' id='par_1_2' title="bbox 917 518 3324 819">
     <span class='ocr_line' id='line_1_2' title="bbox 1021 518 3320 625; baseline -0.007 -19"><span class='ocrx_word' id='word_1_6' title='bbox 1021 533 1260 607; x_wconf 83' lang='lat' dir='ltr'>Claslis</span> <span class='ocrx_word' id='word_1_7' title='bbox 1291 530 1517 605; x_wconf 86' lang='lat' dir='ltr'>nostra</span> <span class='ocrx_word' id='word_1_8' title='bbox 1549 527 1737 625; x_wconf 87' lang='lat' dir='ltr'>apud</span> <span class='ocrx_word' id='word_1_9' title='bbox 1778 518 2236 623; x_wconf 54' lang='lat' dir='ltr'>Antuerpiam</span> <span class='ocrx_word' id='word_1_10' title='bbox 2288 523 2515 599; x_wconf 83' lang='lat' dir='ltr'>rursus</span> <span class='ocrx_word' id='word_1_11' title='bbox 2551 524 2956 611; x_wconf 82' lang='lat' dir='ltr'>instaurata,</span> <span class='ocrx_word' id='word_1_12' title='bbox 3003 530 3320 606; x_wconf 68' lang='lat' dir='ltr'>Middel-</span> 
     </span>
     <span class='ocr_line' id='line_1_3' title="bbox 920 620 3324 727; baseline 0 -26"><span class='ocrx_word' id='word_1_13' title='bbox 920 630 1145 727; x_wconf 83' lang='lat' dir='ltr'>burgo</span> <span class='ocrx_word' id='word_1_14' title='bbox 1199 628 1283 699; x_wconf 85' lang='lat' dir='ltr'>ad</span> <span class='ocrx_word' id='word_1_15' title='bbox 1335 650 1717 699; x_wconf 81' lang='lat' dir='ltr'>extremum</span> <span class='ocrx_word' id='word_1_16' title='bbox 1749 624 2097 697; x_wconf 86' lang='lat' dir='ltr'>laboranti</span> <span class='ocrx_word' id='word_1_17' title='bbox 2124 630 2164 710; x_wconf 82' lang='lat'>,‘</span> <span class='ocrx_word' id='word_1_18' title='bbox 2196 644 2658 695; x_wconf 86' lang='lat' dir='ltr'>commeatum</span> <span class='ocrx_word' id='word_1_19' title='bbox 2703 620 2958 697; x_wconf 88' lang='lat' dir='ltr'>inferre</span> <span class='ocrx_word' id='word_1_20' title='bbox 3025 649 3168 699; x_wconf 88' lang='lat' dir='ltr'>non</span> <span class='ocrx_word' id='word_1_21' title='bbox 3219 634 3324 703; x_wconf 83' lang='lat' dir='ltr'>ci-</span> 
     </span>
     <span class='ocr_line' id='line_1_4' title="bbox 917 717 3318 819; baseline 0 -24"><span class='ocrx_word' id='word_1_22' title='bbox 917 748 1023 797; x_wconf 80' lang='lat' dir='ltr'>tra</span> <span class='ocrx_word' id='word_1_23' title='bbox 1073 726 1453 819; x_wconf 83' lang='lat' dir='ltr'>periculum</span> <span class='ocrx_word' id='word_1_24' title='bbox 1518 722 1856 795; x_wconf 80' lang='lat' dir='ltr'>allaborat</span> <span class='ocrx_word' id='word_1_25' title='bbox 1891 769 1914 805; x_wconf 89' lang='lat'>,</span> <span class='ocrx_word' id='word_1_26' title='bbox 1967 718 2126 791; x_wconf 73' lang='lat' dir='ltr'>cum</span> <span class='ocrx_word' id='word_1_27' title='bbox 2175 717 2544 789; x_wconf 83' lang='lat' dir='ltr'>adversarii</span> <span class='ocrx_word' id='word_1_28' title='bbox 2599 720 2894 793; x_wconf 87' lang='lat' dir='ltr'>navibus</span> <span class='ocrx_word' id='word_1_29' title='bbox 2949 721 3318 818; x_wconf 60' lang='lat' dir='ltr'>nautisque</span> 
     </span>
    </p>
   </div>
   <div class='ocr_carea' id='block_1_3' title="bbox 912 808 3322 913">
    <p class='ocr_par' dir='ltr' id='par_1_3' title="bbox 912 808 3322 913">
     <span class='ocr_line' id='line_1_5' title="bbox 912 808 3322 913; baseline -0.001 -22"><span class='ocrx_word' id='word_1_30' title='bbox 912 824 1125 913; x_wconf 84' lang='lat' dir='ltr'>longe</span> <span class='ocrx_word' id='word_1_31' title='bbox 1156 818 1541 913; x_wconf 84' lang='lat' dir='ltr'>superiores</span> <span class='ocrx_word' id='word_1_32' title='bbox 1580 812 1711 891; x_wconf 81' lang='lat' dir='ltr'>effe</span> <span class='ocrx_word' id='word_1_33' title='bbox 1758 813 2136 896; x_wconf 79' lang='lat' dir='ltr'>feruntur‚·</span> <span class='ocrx_word' id='word_1_34' title='bbox 2176 808 2546 908; x_wconf 69' lang='lat' dir='ltr'>rejefitique</span> <span class='ocrx_word' id='word_1_35' title='bbox 2598 813 2832 887; x_wconf 88' lang='lat' dir='ltr'>denuo</span> <span class='ocrx_word' id='word_1_36' title='bbox 2853 840 3028 903; x_wconf 66' lang='lat' dir='ltr'>„rem</span> <span class='ocrx_word' id='word_1_37' title='bbox 3079 840 3322 913; x_wconf 75' lang='lat' dir='ltr'>aggre-</span> 
     </span>
    </p>
   </div>
   <div class='ocr_carea' id='block_1_4' title="bbox 726 857 3324 1007">
    <p class='ocr_par' dir='ltr' id='par_1_4' title="bbox 726 857 3324 1007">
     <span class='ocr_line' id='line_1_6' title="bbox 726 857 3324 1007; baseline 0.002 -20"><span class='ocrx_word' id='word_1_38' title='bbox 726 857 731 868; x_wconf 28' lang='grc'><em>.</em></span> <span class='ocrx_word' id='word_1_39' title='bbox 804 960 815 969; x_wconf 87' lang='lat'>-</span> <span class='ocrx_word' id='word_1_40' title='bbox 918 916 995 986; x_wconf 88' lang='lat' dir='ltr'>di</span> <span class='ocrx_word' id='word_1_41' title='bbox 1044 918 1475 997; x_wconf 83' lang='lat' dir='ltr'>moliuntur,</span> <span class='ocrx_word' id='word_1_42' title='bbox 1546 914 1801 1007; x_wconf 88' lang='lat' dir='ltr'>quibus</span> <span class='ocrx_word' id='word_1_43' title='bbox 1871 910 1992 983; x_wconf 85' lang='lat' dir='ltr'>nifi</span> <span class='ocrx_word' id='word_1_44' title='bbox 2043 908 2312 982; x_wconf 73' lang='lat' dir='ltr'>Dssus</span> <span class='ocrx_word' id='word_1_45' title='bbox 2359 908 2606 983; x_wconf 79' lang='lat' dir='ltr'>faverit</span> <span class='ocrx_word' id='word_1_46' title='bbox 2644 962 2666 993; x_wconf 90' lang='lat'><strong>,</strong></span> <span class='ocrx_word' id='word_1_47' title='bbox 2729 910 2942 1003; x_wconf 78' lang='lat' dir='ltr'>ipsius</span> <span class='ocrx_word' id='word_1_48' title='bbox 3011 914 3324 991; x_wconf 85' lang='lat' dir='ltr'>Middel-</span> 
     </span>
    </p>
   </div>
   <div class='ocr_carea' id='block_1_5' title="bbox 900 1006 3417 1681">
    <p class='ocr_par' dir='ltr' id='par_1_5' title="bbox 914 1006 3222 1103">
     <span class='ocr_line' id='line_1_7' title="bbox 914 1006 3222 1103; baseline 0 -22"><span class='ocrx_word' id='word_1_49' title='bbox 914 1008 1119 1103; x_wconf 80' lang='lat' dir='ltr'>burgi</span> <span class='ocrx_word' id='word_1_50' title='bbox 1140 1010 1391 1081; x_wconf 81' lang='lat' dir='ltr'>amillio</span> <span class='ocrx_word' id='word_1_51' title='bbox 1416 1010 1670 1101; x_wconf 87' lang='lat' dir='ltr'>majora</span> <span class='ocrx_word' id='word_1_52' title='bbox 1692 1006 1918 1080; x_wconf 85' lang='lat' dir='ltr'>secum</span> <span class='ocrx_word' id='word_1_53' title='bbox 1941 1008 2252 1100; x_wconf 85' lang='lat' dir='ltr'>pericula</span> <span class='ocrx_word' id='word_1_54' title='bbox 2279 1007 2666 1099; x_wconf 85' lang='lat' dir='ltr'>damnaque</span> <span class='ocrx_word' id='word_1_55' title='bbox 2691 1008 2896 1079; x_wconf 83' lang='lat' dir='ltr'>nobis</span> <span class='ocrx_word' id='word_1_56' title='bbox 2929 1007 3222 1083; x_wconf 80' lang='lat' dir='ltr'>adferet.</span> 
     </span>
    </p>

    <p class='ocr_par' dir='ltr' id='par_1_6' title="bbox 900 1102 3417 1681">
     <span class='ocr_line' id='line_1_8' title="bbox 900 1102 3318 1197; baseline 0.002 -20"><span class='ocrx_word' id='word_1_57' title='bbox 900 1188 907 1195; x_wconf 13' lang='grc' dir='ltr'><strong>ἱ</strong></span> <span class='ocrx_word' id='word_1_58' title='bbox 1014 1106 1127 1179; x_wconf 89' lang='lat' dir='ltr'>De</span> <span class='ocrx_word' id='word_1_59' title='bbox 1168 1106 1550 1177; x_wconf 87' lang='lat' dir='ltr'>Hollandia</span> <span class='ocrx_word' id='word_1_60' title='bbox 1599 1102 1757 1197; x_wconf 91' lang='lat' dir='ltr'>post</span> <span class='ocrx_word' id='word_1_61' title='bbox 1792 1103 2175 1175; x_wconf 79' lang='lat' dir='ltr'>noviffimas</span> <span class='ocrx_word' id='word_1_62' title='bbox 2215 1124 2399 1179; x_wconf 76' lang='lat' dir='ltr'>meas</span> <span class='ocrx_word' id='word_1_63' title='bbox 2435 1103 2676 1175; x_wconf 80' lang='lat' dir='ltr'>literas</span> <span class='ocrx_word' id='word_1_64' title='bbox 2721 1103 2894 1177; x_wconf 88' lang='lat' dir='ltr'>nihil</span> <span class='ocrx_word' id='word_1_65' title='bbox 2927 1126 3318 1182; x_wconf 78' lang='lat' dir='ltr'>memoratu</span> 
     </span>
     <span class='ocr_line' id='line_1_9' title="bbox 916 1196 3316 1295; baseline 0.002 -22"><span class='ocrx_word' id='word_1_66' title='bbox 916 1202 1201 1295; x_wconf 86' lang='lat' dir='ltr'>dignum</span> <span class='ocrx_word' id='word_1_67' title='bbox 1249 1202 1389 1275; x_wconf 89' lang='lat' dir='ltr'>huc</span> <span class='ocrx_word' id='word_1_68' title='bbox 1434 1200 1779 1293; x_wconf 88' lang='lat' dir='ltr'>perlatum</span> <span class='ocrx_word' id='word_1_69' title='bbox 1820 1200 1936 1271; x_wconf 89' lang='lat' dir='ltr'>est.</span> <span class='ocrx_word' id='word_1_70' title='bbox 2033 1196 2410 1291; x_wconf 75' lang='lat' dir='ltr'>Speramus</span> <span class='ocrx_word' id='word_1_71' title='bbox 2443 1216 2676 1269; x_wconf 86' lang='lat' dir='ltr'>autem</span> <span class='ocrx_word' id='word_1_72' title='bbox 2705 1250 2730 1287; x_wconf 88' lang='lat'>‚</span> <span class='ocrx_word' id='word_1_73' title='bbox 2781 1197 2830 1271; x_wconf 82' lang='lat' dir='ltr'>fi</span> <span class='ocrx_word' id='word_1_74' title='bbox 2881 1202 3188 1275; x_wconf 86' lang='lat' dir='ltr'>remedia</span> <span class='ocrx_word' id='word_1_75' title='bbox 3237 1227 3316 1277; x_wconf 81' lang='lat' dir='ltr'>ea</span> 
     </span>
     <span class='ocr_line' id='line_1_10' title="bbox 914 1292 3318 1395; baseline 0.001 -26"><span class='ocrx_word' id='word_1_76' title='bbox 914 1322 1072 1395; x_wconf 66' lang='lat' dir='ltr'>quae</span> <span class='ocrx_word' id='word_1_77' title='bbox 1096 1294 1525 1391; x_wconf 83' lang='lat' dir='ltr'>pollicemini</span> <span class='ocrx_word' id='word_1_78' title='bbox 1564 1294 2110 1368; x_wconf 86' lang='lat' dir='ltr'>Commendator</span> <span class='ocrx_word' id='word_1_79' title='bbox 2155 1293 2430 1365; x_wconf 85' lang='lat' dir='ltr'>tandem</span> <span class='ocrx_word' id='word_1_80' title='bbox 2452 1292 2762 1387; x_wconf 86' lang='lat' dir='ltr'>proferet</span> <span class='ocrx_word' id='word_1_81' title='bbox 2781 1348 2804 1381; x_wconf 89' lang='lat'><strong>,</strong></span> <span class='ocrx_word' id='word_1_82' title='bbox 2837 1296 2911 1367; x_wconf 84' lang='lat'>&amp;</span> <span class='ocrx_word' id='word_1_83' title='bbox 2941 1294 3318 1389; x_wconf 73' lang='lat' dir='ltr'>imperium</span> 
     </span>
     <span class='ocr_line' id='line_1_11' title="bbox 908 1388 3315 1487; baseline 0 -22"><span class='ocrx_word' id='word_1_84' title='bbox 908 1392 1395 1487; x_wconf 78' lang='lat' dir='ltr'>aggredietur,</span> <span class='ocrx_word' id='word_1_85' title='bbox 1443 1412 1570 1463; x_wconf 88' lang='lat' dir='ltr'>nos</span> <span class='ocrx_word' id='word_1_86' title='bbox 1618 1391 1815 1464; x_wconf 84' lang='lat' dir='ltr'>brevi</span> <span class='ocrx_word' id='word_1_87' title='bbox 1846 1391 2148 1484; x_wconf 82' lang='lat' dir='ltr'>aliquam</span> <span class='ocrx_word' id='word_1_88' title='bbox 2182 1388 2337 1483; x_wconf 87' lang='lat' dir='ltr'>post</span> <span class='ocrx_word' id='word_1_89' title='bbox 2369 1389 2494 1460; x_wconf 78' lang='lat' dir='ltr'>has</span> <span class='ocrx_word' id='word_1_90' title='bbox 2523 1388 2841 1465; x_wconf 84' lang='lat' dir='ltr'>tenebras</span> <span class='ocrx_word' id='word_1_91' title='bbox 2876 1393 3112 1465; x_wconf 88' lang='lat' dir='ltr'>lucem</span> <span class='ocrx_word' id='word_1_92' title='bbox 3145 1416 3315 1465; x_wconf 87' lang='lat' dir='ltr'>con-</span> 
     </span>
     <span class='ocr_line' id='line_1_12' title="bbox 907 1481 3318 1581; baseline 0.002 -22"><span class='ocrx_word' id='word_1_93' title='bbox 907 1486 1261 1581; x_wconf 64' lang='lat' dir='ltr'>spelsturos</span> <span class='ocrx_word' id='word_1_94' title='bbox 1287 1539 1310 1573; x_wconf 90' lang='lat'><strong>,</strong></span> <span class='ocrx_word' id='word_1_95' title='bbox 1333 1482 1446 1560; x_wconf 89' lang='lat' dir='ltr'>sed</span> <span class='ocrx_word' id='word_1_96' title='bbox 1476 1490 1713 1561; x_wconf 87' lang='lat' dir='ltr'>nocuit</span> <span class='ocrx_word' id='word_1_97' title='bbox 1744 1481 2023 1559; x_wconf 86' lang='lat' dir='ltr'>differre</span> <span class='ocrx_word' id='word_1_98' title='bbox 2046 1486 2320 1578; x_wconf 84' lang='lat' dir='ltr'>paratis.</span> <span class='ocrx_word' id='word_1_99' title='bbox 2373 1482 2564 1562; x_wconf 86' lang='lat' dir='ltr'>Bene</span> <span class='ocrx_word' id='word_1_100' title='bbox 2593 1486 2794 1571; x_wconf 82' lang='lat' dir='ltr'>vale,</span> <span class='ocrx_word' id='word_1_101' title='bbox 2839 1484 2920 1558; x_wconf 92' lang='lat' dir='ltr'>H</span> <span class='ocrx_word' id='word_1_102' title='bbox 2939 1508 2983 1556; x_wconf 91' lang='grc' dir='ltr'>ο</span> <span class='ocrx_word' id='word_1_103' title='bbox 3007 1508 3048 1557; x_wconf 78' lang='lat' dir='ltr'>r</span> <span class='ocrx_word' id='word_1_104' title='bbox 3072 1510 3116 1559; x_wconf 72' lang='grc' dir='ltr'>ι»</span> <span class='ocrx_word' id='word_1_105' title='bbox 3133 1510 3178 1561; x_wconf 72' lang='lat' dir='ltr'>a</span> <span class='ocrx_word' id='word_1_106' title='bbox 3197 1510 3247 1561; x_wconf 74' lang='lat' dir='ltr'>n</span> <span class='ocrx_word' id='word_1_107' title='bbox 3269 1512 3318 1563; x_wconf 71' lang='grc' dir='ltr'><strong>ι</strong></span> 
     </span>
     <span class='ocr_line' id='line_1_13' title="bbox 908 1577 3417 1681; baseline 0 -25"><span class='ocrx_word' id='word_1_108' title='bbox 908 1582 1063 1657; x_wconf 89' lang='lat' dir='ltr'>CL.</span> <span class='ocrx_word' id='word_1_109' title='bbox 1106 1583 1616 1681; x_wconf 69' lang='lat' dir='ltr'>conjugemque</span> <span class='ocrx_word' id='word_1_110' title='bbox 1654 1606 1735 1655; x_wconf 87' lang='lat' dir='ltr'>ac</span> <span class='ocrx_word' id='word_1_111' title='bbox 1784 1580 2110 1654; x_wconf 86' lang='lat' dir='ltr'>familiam</span> <span class='ocrx_word' id='word_1_112' title='bbox 2154 1578 2195 1653; x_wconf 72' lang='grc' dir='ltr'>ὲ</span> <span class='ocrx_word' id='word_1_113' title='bbox 2229 1603 2338 1655; x_wconf 85' lang='lat' dir='ltr'>me</span> <span class='ocrx_word' id='word_1_114' title='bbox 2371 1577 2630 1655; x_wconf 84' lang='lat' dir='ltr'>salvere</span> <span class='ocrx_word' id='word_1_115' title='bbox 2651 1582 2839 1677; x_wconf 83' lang='lat' dir='ltr'>jube.</span> <span class='ocrx_word' id='word_1_116' title='bbox 2939 1580 3312 1659; x_wconf 80' lang='lat' dir='ltr'>Bruxellae.</span> <span class='ocrx_word' id='word_1_117' title='bbox 3407 1663 3417 1670; x_wconf 30' lang='lat'><em>⁴</em></span> 
     </span>
    </p>
   </div>
   <div class='ocr_carea' id='block_1_6' title="bbox 906 1678 2114 1761">
    <p class='ocr_par' dir='ltr' id='par_1_7' title="bbox 906 1678 2114 1761">
     <span class='ocr_line' id='line_1_14' title="bbox 906 1678 2114 1761; baseline -0.003 -8"><span class='ocrx_word' id='word_1_118' title='bbox 906 1704 1057 1754; x_wconf 77' lang='lat' dir='ltr'>xvi.</span> <span class='ocrx_word' id='word_1_119' title='bbox 1108 1678 1505 1761; x_wconf 76' lang='lat' dir='ltr'>Novembr.</span> <span class='ocrx_word' id='word_1_120' title='bbox 1557 1700 1687 1751; x_wconf 73' lang='lat' dir='ltr'>cia</span> <span class='ocrx_word' id='word_1_121' title='bbox 1742 1699 1823 1751; x_wconf 76' lang='lat' dir='ltr'>m</span> <span class='ocrx_word' id='word_1_122' title='bbox 1863 1696 2114 1749; x_wconf 76' lang='lat' dir='ltr'>Lxxm.</span> 
     </span>
    </p>
   </div>
   <div class='ocr_carea' id='block_1_7' title="bbox 1152 1848 3047 1993">
    <p class='ocr_par' dir='ltr' id='par_1_8' title="bbox 1152 1848 3047 1993">
     <span class='ocr_line' id='line_1_15' title="bbox 1152 1848 3047 1993; baseline -0.002 -16"><span class='ocrx_word' id='word_1_123' title='bbox 1152 1879 2165 1977; x_wconf 84' lang='lat' dir='ltr'>EPISTOLA</span> <span class='ocrx_word' id='word_1_124' title='bbox 2303 1848 3047 1993; x_wconf 59' lang='lat' dir='ltr'>ccxvii</span> 
     </span>
    </p>
   </div>
   <div class='ocr_carea' id='block_1_8' title="bbox 908 2100 3309 2455">
    <p class='ocr_par' dir='ltr' id='par_1_9' title="bbox 908 2100 3309 2455">
     <span class='ocr_line' id='line_1_16' title="bbox 908 2100 3308 2231; baseline 0 -30"><span class='ocrx_word' id='word_1_125' title='bbox 908 2110 1279 2201; x_wconf 81' lang='lat' dir='ltr'>Albanus</span> <span class='ocrx_word' id='word_1_126' title='bbox 1344 2114 1591 2199; x_wconf 83' lang='lat' dir='ltr'>tradit</span> <span class='ocrx_word' id='word_1_127' title='bbox 1642 2114 2068 2225; x_wconf 79' lang='lat' dir='ltr'>imperium</span> <span class='ocrx_word' id='word_1_128' title='bbox 2130 2108 2208 2198; x_wconf 87' lang='lat' dir='ltr'><em>C</em></span> <span class='ocrx_word' id='word_1_129' title='bbox 2203 2100 2772 2197; x_wconf 78' lang='lat' dir='ltr'>ommendatori</span> <span class='ocrx_word' id='word_1_130' title='bbox 2787 2173 2816 2215; x_wconf 87' lang='lat'><strong><em>,</em></strong></span> <span class='ocrx_word' id='word_1_131' title='bbox 2875 2142 3024 2201; x_wconf 82' lang='lat' dir='ltr'>non</span> <span class='ocrx_word' id='word_1_132' title='bbox 3069 2118 3308 2231; x_wconf 80' lang='lat' dir='ltr'>expe&#39;-</span> 
     </span>
     <span class='ocr_line' id='line_1_17' title="bbox 1021 2222 3304 2339; baseline 0.001 -26"><span class='ocrx_word' id='word_1_133' title='bbox 1021 2230 1208 2313; x_wconf 80' lang='lat' dir='ltr'>ditt‘s</span> <span class='ocrx_word' id='word_1_134' title='bbox 1275 2232 1371 2311; x_wconf 86' lang='lat' dir='ltr'>iis</span> <span class='ocrx_word' id='word_1_135' title='bbox 1436 2232 1807 2338; x_wconf 81' lang='lat' dir='ltr'>negotiis,</span> <span class='ocrx_word' id='word_1_136' title='bbox 1885 2246 2059 2335; x_wconf 80' lang='lat' dir='ltr'>quae</span> <span class='ocrx_word' id='word_1_137' title='bbox 2131 2230 2211 2316; x_wconf 77' lang='lat' dir='ltr'>it]</span> <span class='ocrx_word' id='word_1_138' title='bbox 2277 2224 2622 2308; x_wconf 77' lang='lat' dir='ltr'>reditum</span> <span class='ocrx_word' id='word_1_139' title='bbox 2677 2222 2922 2329; x_wconf 83' lang='lat' dir='ltr'>suum</span> <span class='ocrx_word' id='word_1_140' title='bbox 3001 2232 3304 2339; x_wconf 79' lang='lat' dir='ltr'>rejecit.</span> 
     </span>
     <span class='ocr_line' id='line_1_18' title="bbox 1022 2331 3309 2455; baseline -0 -28"><span class='ocrx_word' id='word_1_141' title='bbox 1022 2338 1170 2427; x_wconf 83' lang='lat' dir='ltr'>De</span> <span class='ocrx_word' id='word_1_142' title='bbox 1212 2331 1781 2444; x_wconf 75' lang='lat' dir='ltr'>Univerfitatis</span> <span class='ocrx_word' id='word_1_143' title='bbox 1818 2334 2166 2423; x_wconf 80' lang='lat' dir='ltr'>Dolcmae</span> <span class='ocrx_word' id='word_1_144' title='bbox 2179 2394 2208 2437; x_wconf 87' lang='lat'><em>,</em></span> <span class='ocrx_word' id='word_1_145' title='bbox 2267 2332 2382 2425; x_wconf 60' lang='grc' dir='ltr'>ἔθ’</span> <span class='ocrx_word' id='word_1_146' title='bbox 2411 2334 2875 2443; x_wconf 70' lang='lat' dir='ltr'>vfitatIcmis</span> <span class='ocrx_word' id='word_1_147' title='bbox 2931 2336 3309 2455; x_wconf 81' lang='lat' dir='ltr'>Burgun-</span> 
     </span>
    </p>
   </div>
   <div class='ocr_carea' id='block_1_9' title="bbox 1020 2444 3312 2678">
    <p class='ocr_par' dir='ltr' id='par_1_10' title="bbox 1020 2444 3312 2678">
     <span class='ocr_line' id='line_1_19' title="bbox 1020 2444 3312 2567; baseline 0.001 -30"><span class='ocrx_word' id='word_1_148' title='bbox 1020 2452 1211 2547; x_wconf 77' lang='lat' dir='ltr'>dicae</span> <span class='ocrx_word' id='word_1_149' title='bbox 1266 2448 1543 2555; x_wconf 84' lang='lat' dir='ltr'>rebus,</span> <span class='ocrx_word' id='word_1_150' title='bbox 1616 2450 1736 2535; x_wconf 81' lang='lat' dir='ltr'>ad</span> <span class='ocrx_word' id='word_1_151' title='bbox 1794 2444 2100 2562; x_wconf 82' lang='lat' dir='ltr'>Regem</span> <span class='ocrx_word' id='word_1_152' title='bbox 2151 2446 2543 2556; x_wconf 60' lang='lat' dir='ltr'>refertur.</span> <span class='ocrx_word' id='word_1_153' title='bbox 2657 2446 2974 2564; x_wconf 81' lang='lat' dir='ltr'>Magna</span> <span class='ocrx_word' id='word_1_154' title='bbox 3025 2454 3312 2567; x_wconf 75' lang='lat' dir='ltr'>populi</span> 
     </span>
     <span class='ocr_line' id='line_1_20' title="bbox 1020 2556 3311 2678; baseline 0.001 -29"><span class='ocrx_word' id='word_1_155' title='bbox 1020 2568 1461 2678; x_wconf 67' lang='lat' dir='ltr'>expeclatio</span> <span class='ocrx_word' id='word_1_156' title='bbox 1486 2622 1513 2666; x_wconf 89' lang='lat'>,</span> <span class='ocrx_word' id='word_1_157' title='bbox 1570 2562 1856 2675; x_wconf 84' lang='lat' dir='ltr'>ecquid</span> <span class='ocrx_word' id='word_1_158' title='bbox 1883 2562 2215 2645; x_wconf 78' lang='lat' dir='ltr'>remedii</span> <span class='ocrx_word' id='word_1_159' title='bbox 2273 2588 2523 2646; x_wconf 80' lang='lat' dir='ltr'>novus</span> <span class='ocrx_word' id='word_1_160' title='bbox 2575 2556 2937 2648; x_wconf 80' lang='lat' dir='ltr'>Gubern.</span> <span class='ocrx_word' id='word_1_161' title='bbox 2996 2564 3311 2651; x_wconf 79' lang='lat' dir='ltr'>adhibe-</span> 
     </span>
    </p>
   </div>
   <div class='ocr_carea' id='block_1_10' title="bbox 1022 2668 3310 2901">
    <p class='ocr_par' dir='ltr' id='par_1_11' title="bbox 1022 2668 3310 2901">
     <span class='ocr_line' id='line_1_21' title="bbox 1024 2668 3310 2789; baseline -0.002 -27"><span class='ocrx_word' id='word_1_162' title='bbox 1024 2674 1139 2762; x_wconf 85' lang='lat' dir='ltr'>bit</span> <span class='ocrx_word' id='word_1_163' title='bbox 1156 2704 1183 2777; x_wconf 79' lang='lat'>3</span> <span class='ocrx_word' id='word_1_164' title='bbox 1262 2682 1402 2789; x_wconf 76' lang='lat' dir='ltr'>qui</span> <span class='ocrx_word' id='word_1_165' title='bbox 1464 2694 1638 2789; x_wconf 82' lang='lat' dir='ltr'>eget</span> <span class='ocrx_word' id='word_1_166' title='bbox 1700 2679 1904 2759; x_wconf 82' lang='lat' dir='ltr'>viris</span> <span class='ocrx_word' id='word_1_167' title='bbox 1973 2670 2190 2759; x_wconf 81' lang='lat' dir='ltr'>bo&#39;nis</span> <span class='ocrx_word' id='word_1_168' title='bbox 2265 2668 2380 2763; x_wconf 70' lang='lat'>&amp;⁹</span> <span class='ocrx_word' id='word_1_169' title='bbox 2433 2674 2966 2787; x_wconf 75' lang='lat' dir='ltr'>prudentibus</span> <span class='ocrx_word' id='word_1_170' title='bbox 3055 2678 3310 2789; x_wconf 83' lang='lat' dir='ltr'>Const-</span> 
     </span>
     <span class='ocr_line' id='line_1_22' title="bbox 1022 2781 3308 2901; baseline 0.003 -27"><span class='ocrx_word' id='word_1_171' title='bbox 1022 2788 1309 2876; x_wconf 80' lang='lat' dir='ltr'>liariis.</span> <span class='ocrx_word' id='word_1_172' title='bbox 1374 2784 1799 2897; x_wconf 81' lang='lat' dir='ltr'>Consilium</span> <span class='ocrx_word' id='word_1_173' title='bbox 1822 2781 2095 2873; x_wconf 76' lang='lat' dir='ltr'>Statu‘s</span> <span class='ocrx_word' id='word_1_174' title='bbox 2127 2786 2240 2871; x_wconf 83' lang='lat' dir='ltr'>ad</span> <span class='ocrx_word' id='word_1_175' title='bbox 2265 2808 2613 2901; x_wconf 81' lang='lat' dir='ltr'>quatuor</span> <span class='ocrx_word' id='word_1_176' title='bbox 2643 2790 3308 2883; x_wconf 69' lang='lat' dir='ltr'>virosredaaum.</span> 
     </span>
    </p>
   </div>
   <div class='ocr_carea' id='block_1_11' title="bbox 898 3006 3376 4339">
    <p class='ocr_par' dir='ltr' id='par_1_12' title="bbox 898 3006 3376 4339">
     <span class='ocr_line' id='line_1_23' title="bbox 1078 3006 3312 3095; baseline 0.002 -9"><span class='ocrx_word' id='word_1_177' title='bbox 1078 3012 1167 3089; x_wconf 88' lang='lat' dir='ltr'>L.</span> <span class='ocrx_word' id='word_1_178' title='bbox 1218 3010 1817 3094; x_wconf 75' lang='lat' dir='ltr'>D.‚H01›r1·:1u·;</span> <span class='ocrx_word' id='word_1_179' title='bbox 1859 3036 1882 3095; x_wconf 85' lang='lat'>3</span> <span class='ocrx_word' id='word_1_180' title='bbox 1931 3006 2141 3086; x_wconf 86' lang='lat' dir='ltr'>hodie</span> <span class='ocrx_word' id='word_1_181' title='bbox 2187 3008 2657 3085; x_wconf 86' lang='lat' dir='ltr'>Illustriffimus</span> <span class='ocrx_word' id='word_1_182' title='bbox 2693 3006 2864 3085; x_wconf 82' lang='lat' dir='ltr'>Dux</span> <span class='ocrx_word' id='word_1_183' title='bbox 2899 3010 3104 3087; x_wconf 86' lang='lat' dir='ltr'>Albae</span> <span class='ocrx_word' id='word_1_184' title='bbox 3139 3040 3312 3090; x_wconf 87' lang='lat' dir='ltr'>con-</span> 
     </span>
     <span class='ocr_line' id='line_1_24' title="bbox 1129 3102 3318 3205; baseline 0.002 -22"><span class='ocrx_word' id='word_1_185' title='bbox 1129 3108 1391 3199; x_wconf 87' lang='lat' dir='ltr'>stituit,</span> <span class='ocrx_word' id='word_1_186' title='bbox 1439 3128 1735 3203; x_wconf 86' lang='lat' dir='ltr'>accepto</span> <span class='ocrx_word' id='word_1_187' title='bbox 1770 3108 1858 3179; x_wconf 88' lang='lat' dir='ltr'>ab</span> <span class='ocrx_word' id='word_1_188' title='bbox 1897 3102 2272 3182; x_wconf 81' lang='lat' dir='ltr'>success&#39;ore</span> <span class='ocrx_word' id='word_1_189' title='bbox 2329 3104 2792 3192; x_wconf 76' lang='lat' dir='ltr'>sacramente,</span> <span class='ocrx_word' id='word_1_190' title='bbox 2845 3110 2912 3181; x_wconf 86' lang='lat' dir='ltr'>ci</span> <span class='ocrx_word' id='word_1_191' title='bbox 2947 3112 3318 3205; x_wconf 85' lang='lat' dir='ltr'>imperium</span> 
     </span>
     <span class='ocr_line' id='line_1_25' title="bbox 916 3200 3376 3303; baseline 0.001 -23"><span class='ocrx_word' id='word_1_192' title='bbox 916 3208 1231 3289; x_wconf 78' lang='lat' dir='ltr'>tradere,</span> <span class='ocrx_word' id='word_1_193' title='bbox 1280 3207 1469 3301; x_wconf 91' lang='lat' dir='ltr'>quod</span> <span class='ocrx_word' id='word_1_194' title='bbox 1504 3204 1956 3299; x_wconf 75' lang='lat' dir='ltr'>intelligimus</span> <span class='ocrx_word' id='word_1_195' title='bbox 1986 3200 2300 3277; x_wconf 81' lang='lat' dir='ltr'>nonsatis</span> <span class='ocrx_word' id='word_1_196' title='bbox 2331 3204 2650 3277; x_wconf 85' lang='lat' dir='ltr'>lubenter</span> <span class='ocrx_word' id='word_1_197' title='bbox 2671 3204 2700 3299; x_wconf 47' lang='lat' dir='ltr'>,i</span> <span class='ocrx_word' id='word_1_198' title='bbox 2757 3200 2900 3275; x_wconf 86' lang='lat' dir='ltr'>sum</span> <span class='ocrx_word' id='word_1_199' title='bbox 2931 3204 3322 3303; x_wconf 84' lang='lat' dir='ltr'>suscipere,</span> <span class='ocrx_word' id='word_1_200' title='bbox 3373 3289 3376 3296; x_wconf 65' lang='grc'>,</span> 
     </span>
     <span class='ocr_line' id='line_1_26' title="bbox 912 3298 3320 3398; baseline 0.001 -23"><span class='ocrx_word' id='word_1_201' title='bbox 912 3306 1136 3375; x_wconf 84' lang='lat' dir='ltr'>altero</span> <span class='ocrx_word' id='word_1_202' title='bbox 1173 3300 1291 3373; x_wconf 80' lang='lat' dir='ltr'>hic</span> <span class='ocrx_word' id='word_1_203' title='bbox 1334 3316 1813 3395; x_wconf 81' lang='lat' dir='ltr'>permanente,</span> <span class='ocrx_word' id='word_1_204' title='bbox 1865 3298 2030 3371; x_wconf 89' lang='lat' dir='ltr'>dum</span> <span class='ocrx_word' id='word_1_205' title='bbox 2058 3299 2525 3373; x_wconf 85' lang='lat' dir='ltr'>valetudinem</span> <span class='ocrx_word' id='word_1_206' title='bbox 2561 3322 2692 3373; x_wconf 87' lang='lat' dir='ltr'>cau</span> <span class='ocrx_word' id='word_1_207' title='bbox 2721 3320 2876 3372; x_wconf 87' lang='lat' dir='ltr'>atur</span> <span class='ocrx_word' id='word_1_208' title='bbox 2901 3352 2922 3385; x_wconf 89' lang='lat'>,</span> <span class='ocrx_word' id='word_1_209' title='bbox 2973 3326 3140 3398; x_wconf 85' lang='lat' dir='ltr'>quae</span> <span class='ocrx_word' id='word_1_210' title='bbox 3177 3328 3320 3379; x_wconf 83' lang='lat' dir='ltr'>non</span> 
     </span>
     <span class='ocr_line' id='line_1_27' title="bbox 910 3392 3321 3491; baseline 0.001 -20"><span class='ocrx_word' id='word_1_211' title='bbox 910 3397 1071 3473; x_wconf 85' lang='lat' dir='ltr'>satis</span> <span class='ocrx_word' id='word_1_212' title='bbox 1113 3394 1313 3467; x_wconf 86' lang='lat' dir='ltr'>firma</span> <span class='ocrx_word' id='word_1_213' title='bbox 1360 3394 1661 3467; x_wconf 85' lang='lat' dir='ltr'>videtur.</span> <span class='ocrx_word' id='word_1_214' title='bbox 1773 3392 2300 3491; x_wconf 76' lang='lat' dir='ltr'>Speraverimus</span> <span class='ocrx_word' id='word_1_215' title='bbox 2346 3416 2572 3469; x_wconf 86' lang='lat' dir='ltr'>tamen</span> <span class='ocrx_word' id='word_1_216' title='bbox 2625 3414 2818 3469; x_wconf 85' lang='lat' dir='ltr'>antea</span> <span class='ocrx_word' id='word_1_217' title='bbox 2865 3396 3148 3473; x_wconf 87' lang='lat' dir='ltr'>Ducem</span> <span class='ocrx_word' id='word_1_218' title='bbox 3201 3423 3321 3473; x_wconf 85' lang='lat' dir='ltr'>ex·</span> 
     </span>
     <span class='ocr_line' id='line_1_28' title="bbox 908 3486 3318 3592; baseline 0 -24"><span class='ocrx_word' id='word_1_219' title='bbox 908 3492 1315 3592; x_wconf 76' lang='lat' dir='ltr'>peditarum</span> <span class='ocrx_word' id='word_1_220' title='bbox 1363 3486 1557 3562; x_wconf 79' lang='lat' dir='ltr'>fuisse</span> <span class='ocrx_word' id='word_1_221' title='bbox 1615 3510 1699 3562; x_wconf 83' lang='lat' dir='ltr'>ea</span> <span class='ocrx_word' id='word_1_222' title='bbox 1740 3493 2074 3584; x_wconf 82' lang='lat' dir='ltr'>negocia,</span> <span class='ocrx_word' id='word_1_223' title='bbox 2125 3514 2288 3586; x_wconf 84' lang='lat' dir='ltr'>quae</span> <span class='ocrx_word' id='word_1_224' title='bbox 2339 3492 2427 3563; x_wconf 88' lang='lat' dir='ltr'>in.</span> <span class='ocrx_word' id='word_1_225' title='bbox 2461 3490 2753 3563; x_wconf 89' lang='lat' dir='ltr'>reditum</span> <span class='ocrx_word' id='word_1_226' title='bbox 2808 3490 3002 3579; x_wconf 77' lang='lat' dir='ltr'>suurn</span> <span class='ocrx_word' id='word_1_227' title='bbox 3047 3495 3318 3590; x_wconf 80' lang='lat' dir='ltr'>semper</span> 
     </span>
     <span class='ocr_line' id='line_1_29' title="bbox 906 3584 3310 3686; baseline -0.001 -21"><span class='ocrx_word' id='word_1_228' title='bbox 906 3588 1213 3685; x_wconf 66' lang='lat' dir='ltr'>rejecit„</span> <span class='ocrx_word' id='word_1_229' title='bbox 1240 3584 1334 3659; x_wconf 92' lang='lat' dir='ltr'>ob</span> <span class='ocrx_word' id='word_1_230' title='bbox 1366 3605 1527 3679; x_wconf 82' lang='lat' dir='ltr'>quae</span> <span class='ocrx_word' id='word_1_231' title='bbox 1560 3586 1761 3657; x_wconf 88' lang='lat' dir='ltr'>multi</span> <span class='ocrx_word' id='word_1_232' title='bbox 1810 3586 1952 3659; x_wconf 91' lang='lat' dir='ltr'>huc</span> <span class='ocrx_word' id='word_1_233' title='bbox 1991 3584 2428 3661; x_wconf 84' lang='lat' dir='ltr'>sollicitatum</span> <span class='ocrx_word' id='word_1_234' title='bbox 2480 3608 2893 3672; x_wconf 85' lang='lat' dir='ltr'>occurrere,</span> <span class='ocrx_word' id='word_1_235' title='bbox 2935 3590 3120 3665; x_wconf 87' lang='lat' dir='ltr'>inter</span> <span class='ocrx_word' id='word_1_236' title='bbox 3148 3612 3310 3686; x_wconf 80' lang='lat' dir='ltr'>quae</span> 
     </span>
     <span class='ocr_line' id='line_1_30' title="bbox 902 3676 3315 3782; baseline -0 -20"><span class='ocrx_word' id='word_1_237' title='bbox 902 3684 1072 3761; x_wconf 82' lang='lat' dir='ltr'>sunt</span> <span class='ocrx_word' id='word_1_238' title='bbox 1102 3680 1423 3756; x_wconf 88' lang='lat' dir='ltr'>Abbatiae</span> <span class='ocrx_word' id='word_1_239' title='bbox 1450 3682 1851 3775; x_wconf 74' lang='lat' dir='ltr'>pleraeque,</span> <span class='ocrx_word' id='word_1_240' title='bbox 1899 3703 2050 3755; x_wconf 88' lang='lat' dir='ltr'>tum</span> <span class='ocrx_word' id='word_1_241' title='bbox 2093 3685 2403 3757; x_wconf 86' lang='lat' dir='ltr'>virorum</span> <span class='ocrx_word' id='word_1_242' title='bbox 2441 3704 2586 3757; x_wconf 88' lang='lat' dir='ltr'>tum</span> <span class='ocrx_word' id='word_1_243' title='bbox 2627 3676 3100 3774; x_wconf 79' lang='lat' dir='ltr'>faeminarum,</span> <span class='ocrx_word' id='word_1_244' title='bbox 3147 3710 3315 3782; x_wconf 77' lang='lat' dir='ltr'>quae</span> 
     </span>
     <span class='ocr_line' id='line_1_31' title="bbox 966 3776 3316 3875; baseline 0.002 -22"><span class='ocrx_word' id='word_1_245' title='bbox 966 3779 1274 3875; x_wconf 87' lang='lat' dir='ltr'>lusquam</span> <span class='ocrx_word' id='word_1_246' title='bbox 1308 3798 1563 3850; x_wconf 89' lang='lat' dir='ltr'>annum</span> <span class='ocrx_word' id='word_1_247' title='bbox 1592 3798 1929 3851; x_wconf 87' lang='lat' dir='ltr'>vacavere</span> <span class='ocrx_word' id='word_1_248' title='bbox 1953 3830 1978 3862; x_wconf 84' lang='grc'>,</span> <span class='ocrx_word' id='word_1_249' title='bbox 2025 3778 2100 3853; x_wconf 90' lang='lat'>&amp;</span> <span class='ocrx_word' id='word_1_250' title='bbox 2117 3780 2422 3873; x_wconf 83' lang='lat' dir='ltr'>acceptis</span> <span class='ocrx_word' id='word_1_251' title='bbox 2467 3776 3080 3857; x_wconf 79' lang='lat' dir='ltr'>informationibus</span> <span class='ocrx_word' id='word_1_252' title='bbox 3117 3786 3316 3859; x_wconf 87' lang='lat' dir='ltr'>advi-</span> 
     </span>
     <span class='ocr_line' id='line_1_32' title="bbox 904 3806 3317 3971; baseline 0.003 -22"><span class='ocrx_word' id='word_1_253' title='bbox 904 3806 1059 3949; x_wconf 50' lang='lat' dir='ltr'>{um</span> <span class='ocrx_word' id='word_1_254' title='bbox 1086 3874 1392 3947; x_wconf 83' lang='lat' dir='ltr'>nostrum</span> <span class='ocrx_word' id='word_1_255' title='bbox 1430 3870 1771 3967; x_wconf 84' lang='lat' dir='ltr'>perscribi</span> <span class='ocrx_word' id='word_1_256' title='bbox 1810 3873 1897 3946; x_wconf 88' lang='lat' dir='ltr'>ad</span> <span class='ocrx_word' id='word_1_257' title='bbox 1937 3868 2008 3949; x_wconf 83' lang='lat' dir='ltr'>fe</span> <span class='ocrx_word' id='word_1_258' title='bbox 2047 3870 2358 3970; x_wconf 72' lang='lat' dir='ltr'>iusserat:</span> <span class='ocrx_word' id='word_1_259' title='bbox 2409 3872 2656 3949; x_wconf 63' lang='lat' dir='ltr'>verum</span> <span class='ocrx_word' id='word_1_260' title='bbox 2701 3898 3058 3971; x_wconf 86' lang='lat' dir='ltr'>nunquam</span> <span class='ocrx_word' id='word_1_261' title='bbox 3107 3901 3317 3957; x_wconf 76' lang='lat' dir='ltr'>vaca·-</span> 
     </span>
     <span class='ocr_line' id='line_1_33' title="bbox 902 3968 3318 4069; baseline 0.002 -27"><span class='ocrx_word' id='word_1_262' title='bbox 902 3973 1017 4042; x_wconf 74' lang='lat' dir='ltr'>vit</span> <span class='ocrx_word' id='word_1_263' title='bbox 1048 3992 1280 4043; x_wconf 86' lang='lat' dir='ltr'>earum</span> <span class='ocrx_word' id='word_1_264' title='bbox 1318 3968 1888 4043; x_wconf 77' lang='lat' dir='ltr'>determinationf</span> <span class='ocrx_word' id='word_1_265' title='bbox 1909 3970 2294 4045; x_wconf 86' lang='lat' dir='ltr'>intendere.</span> <span class='ocrx_word' id='word_1_266' title='bbox 2387 3969 2804 4068; x_wconf 85' lang='lat' dir='ltr'>Scripseram</span> <span class='ocrx_word' id='word_1_267' title='bbox 2837 3970 3124 4069; x_wconf 75' lang='lat' dir='ltr'>quoqu&#39;e</span> <span class='ocrx_word' id='word_1_268' title='bbox 3157 3990 3318 4053; x_wconf 73' lang='lat' dir='ltr'>ante</span> 
     </span>
     <span class='ocr_line' id='line_1_34' title="bbox 910 4062 3322 4159; baseline 0.003 -18"><span class='ocrx_word' id='word_1_269' title='bbox 910 4088 1207 4150; x_wconf 85' lang='lat' dir='ltr'>annum,</span> <span class='ocrx_word' id='word_1_270' title='bbox 1250 4062 1584 4159; x_wconf 87' lang='lat' dir='ltr'>quosdam</span> <span class='ocrx_word' id='word_1_271' title='bbox 1612 4062 2015 4159; x_wconf 79' lang='lat' dir='ltr'>Deputatos</span> <span class='ocrx_word' id='word_1_272' title='bbox 2050 4063 2538 4141; x_wconf 86' lang='lat' dir='ltr'>Univerfitatis</span> <span class='ocrx_word' id='word_1_273' title='bbox 2575 4067 2871 4141; x_wconf 82' lang='lat' dir='ltr'>Dolanae</span> <span class='ocrx_word' id='word_1_274' title='bbox 2909 4070 3056 4143; x_wconf 88' lang='lat' dir='ltr'>huc</span> <span class='ocrx_word' id='word_1_275' title='bbox 3103 4073 3322 4151; x_wconf 47' lang='lat' dir='ltr'>adven.</span> 
     </span>
     <span class='ocr_line' id='line_1_35' title="bbox 898 4156 3318 4265; baseline 0.002 -24"><span class='ocrx_word' id='word_1_276' title='bbox 898 4158 1118 4247; x_wconf 63' lang='lat' dir='ltr'>nisse,</span> <span class='ocrx_word' id='word_1_277' title='bbox 1168 4180 1247 4236; x_wconf 90' lang='lat' dir='ltr'>ut</span> <span class='ocrx_word' id='word_1_278' title='bbox 1290 4156 1497 4257; x_wconf 86' lang='lat' dir='ltr'>super</span> <span class='ocrx_word' id='word_1_279' title='bbox 1526 4162 1879 4241; x_wconf 83' lang='lat' dir='ltr'>nonnullis</span> <span class='ocrx_word' id='word_1_280' title='bbox 1893 4208 1926 4257; x_wconf 63' lang='lat'><em>2</em></span> <span class='ocrx_word' id='word_1_281' title='bbox 1973 4160 2120 4256; x_wconf 81' lang='lat' dir='ltr'>ejus</span> <span class='ocrx_word' id='word_1_282' title='bbox 2151 4160 2534 4241; x_wconf 82' lang='lat' dir='ltr'>feliciorem</span> <span class='ocrx_word' id='word_1_283' title='bbox 2562 4160 2996 4265; x_wconf 81' lang='lat' dir='ltr'>progreffum</span> <span class='ocrx_word' id='word_1_284' title='bbox 3026 4171 3318 4246; x_wconf 43' lang='lat' dir='ltr'>concere</span> 
     </span>
     <span class='ocr_line' id='line_1_36' title="bbox 1072 4282 3311 4339; baseline 0 -2"><span class='ocrx_word' id='word_1_285' title='bbox 1072 4302 1077 4311; x_wconf 87' lang='lat'><strong>·</strong></span> <span class='ocrx_word' id='word_1_286' title='bbox 3144 4282 3311 4339; x_wconf 64' lang='lat' dir='ltr'>nen*</span> 
     </span>
    </p>
   </div>
  </div>
 </body>
</html>
