<?xml version="1.0" encoding="UTF-8"?>
<!DOCTYPE html PUBLIC "-//W3C//DTD XHTML 1.0 Transitional//EN"
    "http://www.w3.org/TR/xhtml1/DTD/xhtml1-transitional.dtd">
<html xmlns="http://www.w3.org/1999/xhtml" xml:lang="en" lang="en">
 <head>
  <title>
</title>
<meta http-equiv="Content-Type" content="text/html;charset=utf-8" />
  <meta name='ocr-system' content='tesseract 3.04.00' />
  <meta name='ocr-capabilities' content='ocr_page ocr_carea ocr_par ocr_line ocrx_word'/>
</head>
<body>
  <div class='ocr_page' id='page_1' title='image "./vitavigliiabayt00unkngoog_0364.png"; bbox 0 0 3700 4884; ppageno 0'>
   <div class='ocr_carea' id='block_1_1' title="bbox 392 263 2746 445">
    <p class='ocr_par' dir='ltr' id='par_1_1' title="bbox 392 263 2746 445">
     <span class='ocr_line' id='line_1_1' title="bbox 392 263 2746 445; baseline 0.003 -34"><span class='ocrx_word' id='word_1_1' title='bbox 392 282 1063 414; x_wconf 68' lang='lat' dir='ltr'>EPISTOLAE</span> <span class='ocrx_word' id='word_1_2' title='bbox 1118 263 1298 411; x_wconf 67' lang='lat' dir='ltr'>AD</span> <span class='ocrx_word' id='word_1_3' title='bbox 1354 312 1781 425; x_wconf 87' lang='lat' dir='ltr'><strong>JOACH.</strong></span> <span class='ocrx_word' id='word_1_4' title='bbox 1822 314 2540 419; x_wconf 83' lang='lat' dir='ltr'><strong>HOPPERUM.</strong></span> <span class='ocrx_word' id='word_1_5' title='bbox 2575 323 2746 445; x_wconf 79' lang='lat'>691</span> 
     </span>
    </p>
   </div>
   <div class='ocr_carea' id='block_1_2' title="bbox 186 514 2770 3793">
    <p class='ocr_par' dir='ltr' id='par_1_2' title="bbox 186 514 2770 3793">
     <span class='ocr_line' id='line_1_2' title="bbox 314 514 2754 613; baseline 0.003 -22"><span class='ocrx_word' id='word_1_6' title='bbox 314 518 575 613; x_wconf 88' lang='lat' dir='ltr'>quoad</span> <span class='ocrx_word' id='word_1_7' title='bbox 618 517 830 613; x_wconf 83' lang='lat' dir='ltr'>usque</span> <span class='ocrx_word' id='word_1_8' title='bbox 866 514 1131 590; x_wconf 77' lang='lat' dir='ltr'><strong>licebit.</strong></span> <span class='ocrx_word' id='word_1_9' title='bbox 1227 514 1379 609; x_wconf 85' lang='lat' dir='ltr'>Jam</span> <span class='ocrx_word' id='word_1_10' title='bbox 1426 536 1599 591; x_wconf 89' lang='lat' dir='ltr'>vero</span> <span class='ocrx_word' id='word_1_11' title='bbox 1642 538 1729 591; x_wconf 87' lang='lat' dir='ltr'>eo</span> <span class='ocrx_word' id='word_1_12' title='bbox 1764 518 2021 591; x_wconf 66' lang='lat' dir='ltr'>redacti</span> <span class='ocrx_word' id='word_1_13' title='bbox 2059 518 2422 609; x_wconf 82' lang='lat' dir='ltr'>videmur,</span> <span class='ocrx_word' id='word_1_14' title='bbox 2465 540 2548 598; x_wconf 87' lang='lat' dir='ltr'>ut</span> <span class='ocrx_word' id='word_1_15' title='bbox 2580 524 2754 613; x_wconf 81' lang='lat' dir='ltr'>vix,</span> 
     </span>
     <span class='ocr_line' id='line_1_3' title="bbox 263 610 1837 707; baseline -0.003 -20"><span class='ocrx_word' id='word_1_16' title='bbox 263 614 281 629; x_wconf 86' lang='lat'><em>&#39;</em></span> <span class='ocrx_word' id='word_1_17' title='bbox 318 614 450 687; x_wconf 85' lang='lat' dir='ltr'>ubi</span> <span class='ocrx_word' id='word_1_18' title='bbox 484 634 657 687; x_wconf 89' lang='lat' dir='ltr'>tuto</span> <span class='ocrx_word' id='word_1_19' title='bbox 699 610 1067 687; x_wconf 82' lang='lat' dir='ltr'>consistere</span> <span class='ocrx_word' id='word_1_20' title='bbox 1098 613 1423 707; x_wconf 84' lang='lat' dir='ltr'>poffimus</span> <span class='ocrx_word' id='word_1_21' title='bbox 1443 664 1471 702; x_wconf 88' lang='lat'>‚</span> <span class='ocrx_word' id='word_1_22' title='bbox 1522 610 1837 685; x_wconf 81' lang='lat' dir='ltr'>sciamus,</span> 
     </span>
     <span class='ocr_line' id='line_1_4' title="bbox 416 707 2748 808; baseline 0.003 -26"><span class='ocrx_word' id='word_1_23' title='bbox 416 710 613 782; x_wconf 83' lang='lat' dir='ltr'>Dux</span> <span class='ocrx_word' id='word_1_24' title='bbox 626 707 1049 781; x_wconf 85' lang='lat' dir='ltr'>Medinenfis</span> <span class='ocrx_word' id='word_1_25' title='bbox 1068 712 1207 781; x_wconf 87' lang='lat' dir='ltr'>huc</span> <span class='ocrx_word' id='word_1_26' title='bbox 1220 712 1359 803; x_wconf 82' lang='lat' dir='ltr'>jam</span> <span class='ocrx_word' id='word_1_27' title='bbox 1380 708 1655 803; x_wconf 84' lang='lat' dir='ltr'><strong>pridem</strong></span> <span class='ocrx_word' id='word_1_28' title='bbox 1675 711 1964 782; x_wconf 87' lang='lat' dir='ltr'>advenit</span> <span class='ocrx_word' id='word_1_29' title='bbox 1979 760 2000 794; x_wconf 93' lang='lat'>,</span> <span class='ocrx_word' id='word_1_30' title='bbox 2020 732 2404 808; x_wconf 85' lang='lat' dir='ltr'>magnaque</span> <span class='ocrx_word' id='word_1_31' title='bbox 2433 716 2748 789; x_wconf 87' lang='lat' dir='ltr'>omnium</span> 
     </span>
     <span class='ocr_line' id='line_1_5' title="bbox 240 800 2746 901; baseline 0.003 -23"><span class='ocrx_word' id='word_1_32' title='bbox 240 863 249 877; x_wconf 88' lang='lat'><strong>.</strong></span> <span class='ocrx_word' id='word_1_33' title='bbox 306 808 576 881; x_wconf 78' lang='lat' dir='ltr'>laetitia</span> <span class='ocrx_word' id='word_1_34' title='bbox 632 814 971 901; x_wconf 78' lang='lat' dir='ltr'>exeeptus</span> <span class='ocrx_word' id='word_1_35' title='bbox 1028 805 1201 891; x_wconf 69' lang='lat' dir='ltr'>fuit,</span> <span class='ocrx_word' id='word_1_36' title='bbox 1248 804 1367 877; x_wconf 91' lang='lat' dir='ltr'>sed</span> <span class='ocrx_word' id='word_1_37' title='bbox 1416 800 1577 878; x_wconf 75' lang='lat' dir='ltr'>cum</span> <span class='ocrx_word' id='word_1_38' title='bbox 1642 808 1956 901; x_wconf 79' lang='lat' dir='ltr'>populus</span> <span class='ocrx_word' id='word_1_39' title='bbox 2003 806 2240 883; x_wconf 83' lang='lat' dir='ltr'>videat</span> <span class='ocrx_word' id='word_1_40' title='bbox 2270 860 2294 894; x_wconf 88' lang='lat'><em>,</em></span> <span class='ocrx_word' id='word_1_41' title='bbox 2346 813 2538 883; x_wconf 86' lang='lat' dir='ltr'>nulla</span> <span class='ocrx_word' id='word_1_42' title='bbox 2582 832 2746 888; x_wconf 85' lang='lat' dir='ltr'>eum</span> 
     </span>
     <span class='ocr_line' id='line_1_6' title="bbox 303 898 2746 999; baseline 0.002 -24"><span class='ocrx_word' id='word_1_43' title='bbox 303 904 752 979; x_wconf 77' lang='lat' dir='ltr'>authoritate</span> <span class='ocrx_word' id='word_1_44' title='bbox 802 903 1175 999; x_wconf 79' lang='lat' dir='ltr'>praeditum</span> <span class='ocrx_word' id='word_1_45' title='bbox 1235 898 1370 973; x_wconf 85' lang='lat' dir='ltr'>effe</span> <span class='ocrx_word' id='word_1_46' title='bbox 1395 954 1417 989; x_wconf 93' lang='lat'><strong>,</strong></span> <span class='ocrx_word' id='word_1_47' title='bbox 1468 903 1663 975; x_wconf 89' lang='lat' dir='ltr'>velut</span> <span class='ocrx_word' id='word_1_48' title='bbox 1707 902 1779 973; x_wconf 89' lang='lat' dir='ltr'>in</span> <span class='ocrx_word' id='word_1_49' title='bbox 1818 900 2088 974; x_wconf 87' lang='lat' dir='ltr'>fumum</span> <span class='ocrx_word' id='word_1_50' title='bbox 2117 904 2274 999; x_wconf 85' lang='lat' dir='ltr'>spes</span> <span class='ocrx_word' id='word_1_51' title='bbox 2321 905 2408 978; x_wconf 90' lang='lat' dir='ltr'>de</span> <span class='ocrx_word' id='word_1_52' title='bbox 2447 930 2535 980; x_wconf 90' lang='lat' dir='ltr'>eo</span> <span class='ocrx_word' id='word_1_53' title='bbox 2569 931 2746 983; x_wconf 88' lang='lat' dir='ltr'>con-</span> 
     </span>
     <span class='ocr_line' id='line_1_7' title="bbox 302 996 2744 1094; baseline 0.002 -23"><span class='ocrx_word' id='word_1_54' title='bbox 302 1020 533 1094; x_wconf 83' lang='lat' dir='ltr'>cepta</span> <span class='ocrx_word' id='word_1_55' title='bbox 572 1000 736 1075; x_wconf 88' lang='lat' dir='ltr'>abit.</span> <span class='ocrx_word' id='word_1_56' title='bbox 840 996 1069 1070; x_wconf 87' lang='lat' dir='ltr'>Ducis</span> <span class='ocrx_word' id='word_1_57' title='bbox 1105 1017 1335 1069; x_wconf 85' lang='lat' dir='ltr'>autem</span> <span class='ocrx_word' id='word_1_58' title='bbox 1376 996 1634 1071; x_wconf 86' lang='lat' dir='ltr'>Albani</span> <span class='ocrx_word' id='word_1_59' title='bbox 1670 998 2164 1073; x_wconf 67' lang='lat' dir='ltr'>authoritatem</span> <span class='ocrx_word' id='word_1_60' title='bbox 2197 1024 2438 1076; x_wconf 88' lang='lat' dir='ltr'>omnes</span> <span class='ocrx_word' id='word_1_61' title='bbox 2475 1002 2744 1078; x_wconf 87' lang='lat' dir='ltr'>abomi-</span> 
     </span>
     <span class='ocr_line' id='line_1_8' title="bbox 304 1092 2744 1199; baseline 0.003 -33"><span class='ocrx_word' id='word_1_62' title='bbox 304 1118 633 1180; x_wconf 88' lang='lat' dir='ltr'>nantur,</span> <span class='ocrx_word' id='word_1_63' title='bbox 682 1098 853 1170; x_wconf 87' lang='lat' dir='ltr'>licet</span> <span class='ocrx_word' id='word_1_64' title='bbox 886 1092 1033 1189; x_wconf 90' lang='lat' dir='ltr'>ipse</span> <span class='ocrx_word' id='word_1_65' title='bbox 1078 1096 1307 1167; x_wconf 88' lang='lat' dir='ltr'>omnia</span> <span class='ocrx_word' id='word_1_66' title='bbox 1334 1143 1359 1180; x_wconf 93' lang='lat'><strong><em>,</em></strong></span> <span class='ocrx_word' id='word_1_67' title='bbox 1409 1094 1946 1199; x_wconf 41' lang='lat' dir='ltr'>quae-possibilia</span> <span class='ocrx_word' id='word_1_68' title='bbox 1983 1094 2139 1167; x_wconf 88' lang='lat' dir='ltr'>sunt</span> <span class='ocrx_word' id='word_1_69' title='bbox 2165 1148 2187 1181; x_wconf 82' lang='grc'><em>,</em></span> <span class='ocrx_word' id='word_1_70' title='bbox 2240 1121 2320 1170; x_wconf 88' lang='lat' dir='ltr'>ea</span> <span class='ocrx_word' id='word_1_71' title='bbox 2361 1098 2744 1195; x_wconf 80' lang='lat' dir='ltr'>prudentia</span> 
     </span>
     <span class='ocr_line' id='line_1_9' title="bbox 304 1188 2741 1289; baseline 0.002 -24"><span class='ocrx_word' id='word_1_72' title='bbox 304 1194 837 1289; x_wconf 85' lang='lat' dir='ltr'>vigilantiaque</span> <span class='ocrx_word' id='word_1_73' title='bbox 886 1212 1262 1285; x_wconf 87' lang='lat' dir='ltr'>procuret,</span> <span class='ocrx_word' id='word_1_74' title='bbox 1310 1212 1473 1283; x_wconf 83' lang='lat' dir='ltr'>quae</span> <span class='ocrx_word' id='word_1_75' title='bbox 1516 1188 1958 1284; x_wconf 75' lang='lat' dir='ltr'>praesentium</span> <span class='ocrx_word' id='word_1_76' title='bbox 1992 1211 2130 1264; x_wconf 87' lang='lat' dir='ltr'>tem</span> <span class='ocrx_word' id='word_1_77' title='bbox 2186 1201 2387 1270; x_wconf 86' lang='lat' dir='ltr'>orum</span> <span class='ocrx_word' id='word_1_78' title='bbox 2421 1198 2741 1271; x_wconf 89' lang='lat' dir='ltr'>conditio</span> 
     </span>
     <span class='ocr_line' id='line_1_10' title="bbox 300 1286 2770 1388; baseline 0.003 -29"><span class='ocrx_word' id='word_1_79' title='bbox 300 1292 703 1385; x_wconf 86' lang='lat' dir='ltr'>permittit.</span> <span class='ocrx_word' id='word_1_80' title='bbox 800 1286 1137 1361; x_wconf 87' lang='lat' dir='ltr'>Veremur</span> <span class='ocrx_word' id='word_1_81' title='bbox 1172 1306 1404 1358; x_wconf 87' lang='lat' dir='ltr'>autem</span> <span class='ocrx_word' id='word_1_82' title='bbox 1443 1289 1649 1360; x_wconf 89' lang='lat' dir='ltr'>valde</span> <span class='ocrx_word' id='word_1_83' title='bbox 1678 1338 1703 1373; x_wconf 89' lang='lat'><strong><em>,</em></strong></span> <span class='ocrx_word' id='word_1_84' title='bbox 1755 1312 1840 1363; x_wconf 92' lang='lat' dir='ltr'>ne</span> <span class='ocrx_word' id='word_1_85' title='bbox 1875 1286 2071 1381; x_wconf 89' lang='lat' dir='ltr'>respo</span> <span class='ocrx_word' id='word_1_86' title='bbox 2153 1314 2266 1385; x_wconf 83' lang='lat' dir='ltr'>um</span> <span class='ocrx_word' id='word_1_87' title='bbox 2311 1292 2398 1363; x_wconf 90' lang='lat' dir='ltr'>ab</span> <span class='ocrx_word' id='word_1_88' title='bbox 2421 1291 2770 1388; x_wconf 51' lang='lat' dir='ltr'>Majesta22</span> 
     </span>
     <span class='ocr_line' id='line_1_11' title="bbox 302 1380 2736 1478; baseline 0.003 -22"><span class='ocrx_word' id='word_1_89' title='bbox 302 1403 387 1458; x_wconf 88' lang='lat' dir='ltr'>te</span> <span class='ocrx_word' id='word_1_90' title='bbox 442 1382 573 1457; x_wconf 84' lang='lat' dir='ltr'>sua</span> <span class='ocrx_word' id='word_1_91' title='bbox 623 1384 860 1457; x_wconf 85' lang='lat' dir='ltr'>datum</span> <span class='ocrx_word' id='word_1_92' title='bbox 912 1384 1110 1457; x_wconf 87' lang='lat' dir='ltr'>isthic</span> <span class='ocrx_word' id='word_1_93' title='bbox 1158 1380 1541 1478; x_wconf 85' lang='lat' dir='ltr'>Depu‘tatis</span> <span class='ocrx_word' id='word_1_94' title='bbox 1582 1381 1948 1471; x_wconf 74' lang='lat' dir='ltr'>statuum,</span> <span class='ocrx_word' id='word_1_95' title='bbox 2001 1385 2192 1478; x_wconf 87' lang='lat' dir='ltr'>quod</span> <span class='ocrx_word' id='word_1_96' title='bbox 2227 1406 2384 1458; x_wconf 86' lang='lat' dir='ltr'>ante</span> <span class='ocrx_word' id='word_1_97' title='bbox 2422 1381 2736 1463; x_wconf 87' lang='lat' dir='ltr'>semestre</span> 
     </span>
     <span class='ocr_line' id='line_1_12' title="bbox 299 1474 2734 1576; baseline 0.002 -25"><span class='ocrx_word' id='word_1_98' title='bbox 299 1480 775 1575; x_wconf 84' lang='lat' dir='ltr'>gratiflimnm</span> <span class='ocrx_word' id='word_1_99' title='bbox 835 1474 1100 1565; x_wconf 85' lang='lat' dir='ltr'>fuisset,</span> <span class='ocrx_word' id='word_1_100' title='bbox 1152 1502 1338 1557; x_wconf 82' lang='lat' dir='ltr'>nunc</span> <span class='ocrx_word' id='word_1_101' title='bbox 1386 1501 1527 1551; x_wconf 90' lang='lat' dir='ltr'>non</span> <span class='ocrx_word' id='word_1_102' title='bbox 1578 1502 1819 1575; x_wconf 69' lang='lat' dir='ltr'>aeque,</span> <span class='ocrx_word' id='word_1_103' title='bbox 1871 1481 2074 1553; x_wconf 84' lang='lat' dir='ltr'>rebus</span> <span class='ocrx_word' id='word_1_104' title='bbox 2125 1482 2552 1576; x_wconf 87' lang='lat' dir='ltr'>perturbatis</span> <span class='ocrx_word' id='word_1_105' title='bbox 2583 1509 2734 1558; x_wconf 86' lang='lat' dir='ltr'>mu-</span> 
     </span>
     <span class='ocr_line' id='line_1_13' title="bbox 302 1574 2732 1673; baseline 0.002 -23"><span class='ocrx_word' id='word_1_106' title='bbox 302 1578 633 1671; x_wconf 86' lang='lat' dir='ltr'>tatisque</span> <span class='ocrx_word' id='word_1_107' title='bbox 656 1624 681 1663; x_wconf 78' lang='grc'><strong><em>,</em></strong></span> <span class='ocrx_word' id='word_1_108' title='bbox 732 1578 1023 1669; x_wconf 83' lang='lat' dir='ltr'>placeat.</span> <span class='ocrx_word' id='word_1_109' title='bbox 1122 1574 1223 1648; x_wconf 83' lang='lat' dir='ltr'>Et</span> <span class='ocrx_word' id='word_1_110' title='bbox 1274 1576 1445 1649; x_wconf 83' lang='lat' dir='ltr'>Dux</span> <span class='ocrx_word' id='word_1_111' title='bbox 1470 1628 1491 1663; x_wconf 90' lang='lat'>,</span> <span class='ocrx_word' id='word_1_112' title='bbox 1539 1578 1683 1671; x_wconf 80' lang='lat' dir='ltr'>quo</span> <span class='ocrx_word' id='word_1_113' title='bbox 1725 1580 2070 1673; x_wconf 86' lang='lat' dir='ltr'>populum</span> <span class='ocrx_word' id='word_1_114' title='bbox 2113 1581 2460 1673; x_wconf 78' lang='lat' dir='ltr'>placaret,</span> <span class='ocrx_word' id='word_1_115' title='bbox 2511 1581 2732 1657; x_wconf 83' lang='lat' dir='ltr'>aboli-</span> 
     </span>
     <span class='ocr_line' id='line_1_14' title="bbox 298 1671 2732 1771; baseline 0.002 -26"><span class='ocrx_word' id='word_1_116' title='bbox 298 1674 587 1758; x_wconf 74' lang='lat' dir='ltr'>tionem</span> <span class='ocrx_word' id='word_1_117' title='bbox 620 1672 871 1747; x_wconf 82' lang='lat' dir='ltr'>decimi</span> <span class='ocrx_word' id='word_1_118' title='bbox 908 1674 1180 1745; x_wconf 79' lang='lat' dir='ltr'>denarii</span> <span class='ocrx_word' id='word_1_119' title='bbox 1216 1674 1365 1768; x_wconf 84' lang='lat' dir='ltr'>jam</span> <span class='ocrx_word' id='word_1_120' title='bbox 1390 1694 1592 1745; x_wconf 83' lang='lat' dir='ltr'>antea</span> <span class='ocrx_word' id='word_1_121' title='bbox 1623 1671 2108 1771; x_wconf 86' lang='lat' dir='ltr'>proposuerat.</span> <span class='ocrx_word' id='word_1_122' title='bbox 2207 1674 2579 1769; x_wconf 76' lang='lat' dir='ltr'>Spei-amus</span> <span class='ocrx_word' id='word_1_123' title='bbox 2609 1700 2732 1751; x_wconf 83' lang='lat' dir='ltr'>au-</span> 
     </span>
     <span class='ocr_line' id='line_1_15' title="bbox 292 1761 2729 1863; baseline 0.005 -27"><span class='ocrx_word' id='word_1_124' title='bbox 292 1788 457 1843; x_wconf 74' lang='lat' dir='ltr'>tem</span> <span class='ocrx_word' id='word_1_125' title='bbox 500 1761 818 1863; x_wconf 81' lang='lat' dir='ltr'>’Regiam</span> <span class='ocrx_word' id='word_1_126' title='bbox 865 1769 1296 1863; x_wconf 78' lang='lat' dir='ltr'>Majestatem</span> <span class='ocrx_word' id='word_1_127' title='bbox 1350 1767 1870 1859; x_wconf 82' lang='lat' dir='ltr'>consensuram,</span> <span class='ocrx_word' id='word_1_128' title='bbox 1941 1789 2023 1843; x_wconf 87' lang='lat' dir='ltr'>ut</span> <span class='ocrx_word' id='word_1_129' title='bbox 2095 1770 2170 1841; x_wconf 92' lang='lat' dir='ltr'>in</span> <span class='ocrx_word' id='word_1_130' title='bbox 2201 1794 2407 1845; x_wconf 88' lang='lat' dir='ltr'>unam</span> <span class='ocrx_word' id='word_1_131' title='bbox 2457 1772 2729 1848; x_wconf 87' lang='lat' dir='ltr'>senten·-</span> 
     </span>
     <span class='ocr_line' id='line_1_16' title="bbox 291 1862 2728 1961; baseline 0.002 -22"><span class='ocrx_word' id='word_1_132' title='bbox 291 1865 486 1939; x_wconf 63' lang='lat' dir='ltr'>ciam</span> <span class='ocrx_word' id='word_1_133' title='bbox 505 1864 723 1959; x_wconf 73' lang='lat' dir='ltr'>ipsius</span> <span class='ocrx_word' id='word_1_134' title='bbox 756 1862 1125 1959; x_wconf 83' lang='lat' dir='ltr'>Ducisque</span> <span class='ocrx_word' id='word_1_135' title='bbox 1158 1864 1513 1961; x_wconf 76' lang='lat' dir='ltr'>responsio</span> <span class='ocrx_word' id='word_1_136' title='bbox 1540 1870 1942 1941; x_wconf 86' lang='lat' dir='ltr'>conveniat.</span> <span class='ocrx_word' id='word_1_137' title='bbox 1995 1865 2728 1945; x_wconf 78' lang='lat' dir='ltr'>Connitendum&#39;enim</span> 
     </span>
     <span class='ocr_line' id='line_1_17' title="bbox 276 1960 2720 2057; baseline 0.003 -24"><span class='ocrx_word' id='word_1_138' title='bbox 276 1960 413 2034; x_wconf 79' lang='lat' dir='ltr'>-est</span> <span class='ocrx_word' id='word_1_139' title='bbox 472 1961 807 2033; x_wconf 79' lang='lat' dir='ltr'>omnibus</span> <span class='ocrx_word' id='word_1_140' title='bbox 851 1963 1083 2033; x_wconf 84' lang='lat' dir='ltr'>modis</span> <span class='ocrx_word' id='word_1_141' title='bbox 1102 2010 1127 2047; x_wconf 91' lang='lat'><strong>,</strong></span> <span class='ocrx_word' id='word_1_142' title='bbox 1174 1980 1255 2031; x_wconf 88' lang='lat' dir='ltr'>ut</span> <span class='ocrx_word' id='word_1_143' title='bbox 1304 1962 1379 2033; x_wconf 89' lang='lat' dir='ltr'>in</span> <span class='ocrx_word' id='word_1_144' title='bbox 1435 1960 1573 2033; x_wconf 83' lang='lat' dir='ltr'>hoc</span> <span class='ocrx_word' id='word_1_145' title='bbox 1644 1985 1959 2036; x_wconf 83' lang='lat' dir='ltr'>extremo</span> <span class='ocrx_word' id='word_1_146' title='bbox 2010 1984 2242 2036; x_wconf 86' lang='lat' dir='ltr'>rerum</span> <span class='ocrx_word' id='word_1_147' title='bbox 2281 1964 2720 2057; x_wconf 83' lang='lat' dir='ltr'>discrimine,</span> 
     </span>
     <span class='ocr_line' id='line_1_18' title="bbox 296 2058 2722 2151; baseline 0.002 -22"><span class='ocrx_word' id='word_1_148' title='bbox 296 2058 563 2151; x_wconf 80' lang='lat' dir='ltr'>aliquo</span> <span class='ocrx_word' id='word_1_149' title='bbox 606 2058 821 2128; x_wconf 91' lang='lat' dir='ltr'>modo</span> <span class='ocrx_word' id='word_1_150' title='bbox 856 2058 1063 2129; x_wconf 81' lang='lat' dir='ltr'>rebus</span> <span class='ocrx_word' id='word_1_151' title='bbox 1084 2110 1105 2141; x_wconf 89' lang='lat'>‚</span> <span class='ocrx_word' id='word_1_152' title='bbox 1154 2079 1247 2127; x_wconf 89' lang='lat' dir='ltr'>ne</span> <span class='ocrx_word' id='word_1_153' title='bbox 1287 2076 1502 2129; x_wconf 81' lang='lat' dir='ltr'>totam</span> <span class='ocrx_word' id='word_1_154' title='bbox 1534 2058 1992 2133; x_wconf 84' lang='lat' dir='ltr'>Provinciam·</span> <span class='ocrx_word' id='word_1_155' title='bbox 2019 2058 2180 2131; x_wconf 82' lang='lat' dir='ltr'>Rex</span> <span class='ocrx_word' id='word_1_156' title='bbox 2197 2063 2502 2147; x_wconf 83' lang='lat' dir='ltr'>amittat,</span> <span class='ocrx_word' id='word_1_157' title='bbox 2551 2084 2722 2135; x_wconf 87' lang='lat' dir='ltr'>con-</span> 
     </span>
     <span class='ocr_line' id='line_1_19' title="bbox 290 2150 2730 2236; baseline 0.001 -9"><span class='ocrx_word' id='word_1_158' title='bbox 290 2150 594 2236; x_wconf 74' lang='lat' dir='ltr'>sulatur.</span> <span class='ocrx_word' id='word_1_159' title='bbox 694 2150 979 2226; x_wconf 85' lang='lat' dir='ltr'>Etenim</span> <span class='ocrx_word' id='word_1_160' title='bbox 1032 2155 1155 2224; x_wconf 88' lang='lat' dir='ltr'>vix</span> <span class='ocrx_word' id='word_1_161' title='bbox 1204 2176 1383 2227; x_wconf 84' lang='lat' dir='ltr'>unus</span> <span class='ocrx_word' id='word_1_162' title='bbox 1428 2152 1529 2223; x_wconf 92' lang='lat' dir='ltr'>est</span> <span class='ocrx_word' id='word_1_163' title='bbox 1585 2156 1771 2235; x_wconf 81' lang='lat' dir='ltr'>dies,</span> <span class='ocrx_word' id='word_1_164' title='bbox 1873 2156 1992 2225; x_wconf 87' lang='lat' dir='ltr'>uin</span> <span class='ocrx_word' id='word_1_165' title='bbox 2027 2156 2228 2229; x_wconf 83' lang='lat' dir='ltr'>nobis</span> <span class='ocrx_word' id='word_1_166' title='bbox 2265 2159 2730 2231; x_wconf 80' lang='lat' dir='ltr'>annuncietur</span> 
     </span>
     <span class='ocr_line' id='line_1_20' title="bbox 298 2180 2720 2345; baseline 0.001 -22"><span class='ocrx_word' id='word_1_167' title='bbox 298 2250 575 2323; x_wconf 81' lang='lat' dir='ltr'>amiffio</span> <span class='ocrx_word' id='word_1_168' title='bbox 604 2251 895 2343; x_wconf 78' lang='lat' dir='ltr'>alicujus</span> <span class='ocrx_word' id='word_1_169' title='bbox 928 2250 1221 2343; x_wconf 79' lang='lat' dir='ltr'>oppidi,</span> <span class='ocrx_word' id='word_1_170' title='bbox 1275 2248 1362 2321; x_wconf 90' lang='lat' dir='ltr'>de</span> <span class='ocrx_word' id='word_1_171' title='bbox 1400 2271 1555 2343; x_wconf 88' lang='lat' dir='ltr'>quo</span> <span class='ocrx_word' id='word_1_172' title='bbox 1578 2252 1667 2323; x_wconf 89' lang='lat' dir='ltr'>ad</span> <span class='ocrx_word' id='word_1_173' title='bbox 1702 2249 1793 2322; x_wconf 90' lang='lat' dir='ltr'>D.</span> <span class='ocrx_word' id='word_1_174' title='bbox 1824 2180 1921 2322; x_wconf 48' lang='lat' dir='ltr'>ql.</span> <span class='ocrx_word' id='word_1_175' title='bbox 1958 2252 2234 2345; x_wconf 87' lang='lat' dir='ltr'>plenius</span> <span class='ocrx_word' id='word_1_176' title='bbox 2273 2254 2362 2325; x_wconf 89' lang='lat' dir='ltr'>ab</span> <span class='ocrx_word' id='word_1_177' title='bbox 2391 2253 2720 2327; x_wconf 81' lang='lat' dir='ltr'>aliisscri-</span> 
     </span>
     <span class='ocr_line' id='line_1_21' title="bbox 295 2343 2717 2439; baseline 0.002 -20"><span class='ocrx_word' id='word_1_178' title='bbox 295 2344 383 2419; x_wconf 86' lang='lat' dir='ltr'>bi</span> <span class='ocrx_word' id='word_1_179' title='bbox 424 2346 770 2417; x_wconf 67' lang='lat' dir='ltr'>existima</span> <span class='ocrx_word' id='word_1_180' title='bbox 840 2343 997 2439; x_wconf 91' lang='lat' dir='ltr'>Ipse</span> <span class='ocrx_word' id='word_1_181' title='bbox 1024 2348 1207 2421; x_wconf 87' lang='lat' dir='ltr'>enim</span> <span class='ocrx_word' id='word_1_182' title='bbox 1246 2366 1392 2439; x_wconf 84' lang='lat' dir='ltr'>prae</span> <span class='ocrx_word' id='word_1_183' title='bbox 1416 2346 1673 2419; x_wconf 84' lang='lat' dir='ltr'>dolore</span> <span class='ocrx_word' id='word_1_184' title='bbox 1708 2344 1920 2419; x_wconf 87' lang='lat' dir='ltr'>animi</span> <span class='ocrx_word' id='word_1_185' title='bbox 1955 2343 2082 2420; x_wconf 86' lang='lat' dir='ltr'>ista</span> <span class='ocrx_word' id='word_1_186' title='bbox 2127 2347 2548 2423; x_wconf 86' lang='lat' dir='ltr'>denunciare</span> <span class='ocrx_word' id='word_1_187' title='bbox 2569 2374 2717 2424; x_wconf 87' lang='lat' dir='ltr'>non</span> 
     </span>
     <span class='ocr_line' id='line_1_22' title="bbox 294 2438 2718 2540; baseline 0.003 -28"><span class='ocrx_word' id='word_1_188' title='bbox 294 2438 617 2537; x_wconf 83' lang='lat' dir='ltr'>poffum.</span> <span class='ocrx_word' id='word_1_189' title='bbox 720 2438 1092 2515; x_wconf 87' lang='lat' dir='ltr'>Pecuniam</span> <span class='ocrx_word' id='word_1_190' title='bbox 1132 2462 1343 2535; x_wconf 86' lang='lat' dir='ltr'>quam</span> <span class='ocrx_word' id='word_1_191' title='bbox 1376 2440 1504 2513; x_wconf 52' lang='lat' dir='ltr'>D„</span> <span class='ocrx_word' id='word_1_192' title='bbox 1528 2440 1618 2513; x_wconf 92' lang='lat' dir='ltr'>V.</span> <span class='ocrx_word' id='word_1_193' title='bbox 1670 2442 1894 2537; x_wconf 79' lang='lat' dir='ltr'>Regia</span> <span class='ocrx_word' id='word_1_194' title='bbox 1927 2438 2252 2538; x_wconf 75' lang='lat' dir='ltr'>Majestas</span> <span class='ocrx_word' id='word_1_195' title='bbox 2280 2444 2492 2540; x_wconf 82' lang='lat' dir='ltr'>super</span> <span class='ocrx_word' id='word_1_196' title='bbox 2507 2445 2718 2521; x_wconf 75' lang='lat' dir='ltr'>bonis</span> 
     </span>
     <span class='ocr_line' id='line_1_23' title="bbox 296 2536 2713 2639; baseline 0.002 -28"><span class='ocrx_word' id='word_1_197' title='bbox 296 2537 703 2611; x_wconf 70' lang='lat' dir='ltr'>confiscatis</span> <span class='ocrx_word' id='word_1_198' title='bbox 737 2540 856 2611; x_wconf 80' lang='lat' dir='ltr'>hic</span> <span class='ocrx_word' id='word_1_199' title='bbox 896 2538 1253 2633; x_wconf 79' lang='lat' dir='ltr'>assignarat</span> <span class='ocrx_word' id='word_1_200' title='bbox 1280 2590 1300 2625; x_wconf 90' lang='lat'>,</span> <span class='ocrx_word' id='word_1_201' title='bbox 1352 2560 1495 2609; x_wconf 88' lang='lat' dir='ltr'>non</span> <span class='ocrx_word' id='word_1_202' title='bbox 1532 2536 1745 2613; x_wconf 81' lang='lat' dir='ltr'>video</span> <span class='ocrx_word' id='word_1_203' title='bbox 1775 2542 2142 2633; x_wconf 55' lang='lat' dir='ltr'>&gt;quomodo</span> <span class='ocrx_word' id='word_1_204' title='bbox 2163 2540 2534 2639; x_wconf 82' lang='lat' dir='ltr'>impetrare</span> <span class='ocrx_word' id='word_1_205' title='bbox 2555 2542 2713 2637; x_wconf 85' lang='lat' dir='ltr'>pos-</span> 
     </span>
     <span class='ocr_line' id='line_1_24' title="bbox 296 2632 2714 2732; baseline 0.002 -25"><span class='ocrx_word' id='word_1_206' title='bbox 296 2632 479 2718; x_wconf 74' lang='lat' dir='ltr'>fim&#39;,</span> <span class='ocrx_word' id='word_1_207' title='bbox 526 2632 691 2709; x_wconf 72' lang='lat' dir='ltr'>cum</span> <span class='ocrx_word' id='word_1_208' title='bbox 756 2636 971 2730; x_wconf 85' lang='lat' dir='ltr'>major</span> <span class='ocrx_word' id='word_1_209' title='bbox 1008 2654 1171 2728; x_wconf 83' lang='lat' dir='ltr'>pars</span> <span class='ocrx_word' id='word_1_210' title='bbox 1199 2633 1546 2706; x_wconf 77' lang='lat' dir='ltr'>bonorum</span> <span class='ocrx_word' id='word_1_211' title='bbox 1574 2634 2106 2716; x_wconf 73' lang='lat' dir='ltr'>confiscator-um</span> <span class='ocrx_word' id='word_1_212' title='bbox 2134 2640 2273 2732; x_wconf 74' lang='lat' dir='ltr'>J&#39;am</span> <span class='ocrx_word' id='word_1_213' title='bbox 2333 2638 2422 2710; x_wconf 88' lang='lat' dir='ltr'>ab</span> <span class='ocrx_word' id='word_1_214' title='bbox 2467 2639 2714 2713; x_wconf 88' lang='lat' dir='ltr'>adver-</span> 
     </span>
     <span class='ocr_line' id='line_1_25' title="bbox 296 2727 2743 2827; baseline 0.002 -22"><span class='ocrx_word' id='word_1_215' title='bbox 296 2730 499 2806; x_wconf 85' lang='lat' dir='ltr'>sariis</span> <span class='ocrx_word' id='word_1_216' title='bbox 538 2754 883 2827; x_wconf 85' lang='lat' dir='ltr'>occupata</span> <span class='ocrx_word' id='word_1_217' title='bbox 918 2730 1049 2817; x_wconf 81' lang='lat' dir='ltr'>fit,</span> <span class='ocrx_word' id='word_1_218' title='bbox 1105 2730 1181 2801; x_wconf 88' lang='lat'>&amp;</span> <span class='ocrx_word' id='word_1_219' title='bbox 1212 2727 1264 2802; x_wconf 87' lang='lat' dir='ltr'><strong>fi</strong></span> <span class='ocrx_word' id='word_1_220' title='bbox 1345 2730 1465 2803; x_wconf 88' lang='lat' dir='ltr'>uid</span> <span class='ocrx_word' id='word_1_221' title='bbox 1510 2730 1818 2807; x_wconf 61' lang='lat' dir='ltr'>relieium</span> <span class='ocrx_word' id='word_1_222' title='bbox 1861 2732 2136 2815; x_wconf 79' lang='lat' dir='ltr'>existat,</span> <span class='ocrx_word' id='word_1_223' title='bbox 2187 2730 2413 2807; x_wconf 86' lang='lat' dir='ltr'>statim</span> <span class='ocrx_word' id='word_1_224' title='bbox 2449 2738 2522 2807; x_wconf 90' lang='lat' dir='ltr'>in</span> <span class='ocrx_word' id='word_1_225' title='bbox 2546 2738 2743 2809; x_wconf 68' lang='lat' dir='ltr'>aliae—</span> 
     </span>
     <span class='ocr_line' id='line_1_26' title="bbox 301 2828 2712 2914; baseline 0 -11"><span class='ocrx_word' id='word_1_226' title='bbox 301 2828 739 2903; x_wconf 78' lang='lat' dir='ltr'>neceffitaoes</span> <span class='ocrx_word' id='word_1_227' title='bbox 764 2831 1212 2902; x_wconf 75' lang='lat' dir='ltr'>convertatur</span> <span class='ocrx_word' id='word_1_228' title='bbox 1234 2880 1255 2914; x_wconf 89' lang='lat'><strong>,</strong></span> <span class='ocrx_word' id='word_1_229' title='bbox 1332 2848 1395 2898; x_wconf 79' lang='lat' dir='ltr'>ic</span> <span class='ocrx_word' id='word_1_230' title='bbox 1432 2848 1510 2900; x_wconf 88' lang='lat' dir='ltr'>ut</span> <span class='ocrx_word' id='word_1_231' title='bbox 1547 2828 1978 2914; x_wconf 67' lang='lat' dir='ltr'>Consiliarii,</span> <span class='ocrx_word' id='word_1_232' title='bbox 2031 2828 2410 2903; x_wconf 86' lang='lat' dir='ltr'>Secretarii</span> <span class='ocrx_word' id='word_1_233' title='bbox 2432 2880 2455 2913; x_wconf 89' lang='lat'>‚</span> <span class='ocrx_word' id='word_1_234' title='bbox 2505 2852 2712 2903; x_wconf 85' lang='lat' dir='ltr'>caete-</span> 
     </span>
     <span class='ocr_line' id='line_1_27' title="bbox 296 2921 2712 3021; baseline 0 -25"><span class='ocrx_word' id='word_1_235' title='bbox 296 2926 511 3019; x_wconf 86' lang='lat' dir='ltr'>rique</span> <span class='ocrx_word' id='word_1_236' title='bbox 535 2922 849 2998; x_wconf 80' lang='lat' dir='ltr'>officiarii</span> <span class='ocrx_word' id='word_1_237' title='bbox 868 2982 887 3012; x_wconf 89' lang='lat'>‚</span> <span class='ocrx_word' id='word_1_238' title='bbox 909 2927 1037 3021; x_wconf 89' lang='lat' dir='ltr'>qui</span> <span class='ocrx_word' id='word_1_239' title='bbox 1053 2926 1116 2995; x_wconf 90' lang='lat' dir='ltr'>ei</span> <span class='ocrx_word' id='word_1_240' title='bbox 1136 2921 1445 2997; x_wconf 87' lang='lat' dir='ltr'>Confilio</span> <span class='ocrx_word' id='word_1_241' title='bbox 1479 2926 1838 2999; x_wconf 77' lang='lat' dir='ltr'>astiterunt</span> <span class='ocrx_word' id='word_1_242' title='bbox 1857 2979 1877 3011; x_wconf 91' lang='lat'>‚</span> <span class='ocrx_word' id='word_1_243' title='bbox 1903 2926 1992 2998; x_wconf 91' lang='lat' dir='ltr'>de</span> <span class='ocrx_word' id='word_1_244' title='bbox 2023 2922 2297 2997; x_wconf 87' lang='lat' dir='ltr'>suorum</span> <span class='ocrx_word' id='word_1_245' title='bbox 2329 2923 2712 3021; x_wconf 86' lang='lat' dir='ltr'>stipendio-</span> 
     </span>
     <span class='ocr_line' id='line_1_28' title="bbox 295 3018 2718 3119; baseline 0 -26"><span class='ocrx_word' id='word_1_246' title='bbox 295 3044 469 3093; x_wconf 80' lang='lat' dir='ltr'>rum</span> <span class='ocrx_word' id='word_1_247' title='bbox 497 3022 952 3117; x_wconf 78' lang='lat' dir='ltr'>perceptione</span> <span class='ocrx_word' id='word_1_248' title='bbox 988 3020 1265 3094; x_wconf 83' lang='lat' dir='ltr'>solliciti</span> <span class='ocrx_word' id='word_1_249' title='bbox 1294 3018 1447 3117; x_wconf 83' lang='lat' dir='ltr'>fint.</span> <span class='ocrx_word' id='word_1_250' title='bbox 1496 3020 1659 3095; x_wconf 85' lang='lat' dir='ltr'>Nos</span> <span class='ocrx_word' id='word_1_251' title='bbox 1690 3042 1920 3095; x_wconf 83' lang='lat' dir='ltr'>tamen</span> <span class='ocrx_word' id='word_1_252' title='bbox 1950 3042 2191 3095; x_wconf 86' lang='lat' dir='ltr'>omnes</span> <span class='ocrx_word' id='word_1_253' title='bbox 2231 3018 2537 3116; x_wconf 67' lang='lat' dir='ltr'>officium</span> <span class='ocrx_word' id='word_1_254' title='bbox 2571 3044 2718 3119; x_wconf 80' lang='lat' dir='ltr'>pro·</span> 
     </span>
     <span class='ocr_line' id='line_1_29' title="bbox 294 3114 1478 3210; baseline -0.003 -21"><span class='ocrx_word' id='word_1_255' title='bbox 294 3115 397 3189; x_wconf 89' lang='lat' dir='ltr'>D.</span> <span class='ocrx_word' id='word_1_256' title='bbox 456 3114 553 3187; x_wconf 90' lang='lat' dir='ltr'>V.</span> <span class='ocrx_word' id='word_1_257' title='bbox 602 3120 735 3189; x_wconf 87' lang='lat' dir='ltr'>hac</span> <span class='ocrx_word' id='word_1_258' title='bbox 770 3118 843 3187; x_wconf 85' lang='lat' dir='ltr'>in</span> <span class='ocrx_word' id='word_1_259' title='bbox 882 3140 953 3188; x_wconf 89' lang='lat' dir='ltr'>re</span> <span class='ocrx_word' id='word_1_260' title='bbox 987 3115 1478 3210; x_wconf 75' lang='lat' dir='ltr'>praestabimuS.</span> 
     </span>
     <span class='ocr_line' id='line_1_30' title="bbox 402 3206 2770 3307; baseline 0.001 -24"><span class='ocrx_word' id='word_1_261' title='bbox 402 3211 842 3285; x_wconf 66' lang='lat' dir='ltr'>Denneterii&#39;</span> <span class='ocrx_word' id='word_1_262' title='bbox 872 3213 1085 3283; x_wconf 85' lang='lat' dir='ltr'>nostri</span> <span class='ocrx_word' id='word_1_263' title='bbox 1116 3212 1387 3303; x_wconf 88' lang='lat' dir='ltr'>Regem</span> <span class='ocrx_word' id='word_1_264' title='bbox 1428 3212 1767 3283; x_wconf 87' lang='lat' dir='ltr'>rationem</span> <span class='ocrx_word' id='word_1_265' title='bbox 1816 3207 2132 3284; x_wconf 72' lang='lat' dir='ltr'>habuiise</span> <span class='ocrx_word' id='word_1_266' title='bbox 2168 3206 2485 3307; x_wconf 78' lang='lat' dir='ltr'>gaudeo,</span> <span class='ocrx_word' id='word_1_267' title='bbox 2537 3236 2618 3285; x_wconf 88' lang='lat' dir='ltr'>ac</span> <span class='ocrx_word' id='word_1_268' title='bbox 2653 3210 2706 3287; x_wconf 78' lang='lat' dir='ltr'>fi</span> <span class='ocrx_word' id='word_1_269' title='bbox 2767 3298 2770 3303; x_wconf 22' lang='lat'>¹</span> 
     </span>
     <span class='ocr_line' id='line_1_31' title="bbox 186 3305 2707 3403; baseline 0.001 -22"><span class='ocrx_word' id='word_1_270' title='bbox 186 3350 201 3367; x_wconf 88' lang='lat'><strong>·</strong></span> <span class='ocrx_word' id='word_1_271' title='bbox 290 3306 485 3381; x_wconf 80' lang='lat' dir='ltr'>Dux</span> <span class='ocrx_word' id='word_1_272' title='bbox 531 3305 745 3401; x_wconf 83' lang='lat' dir='ltr'>Regis</span> <span class='ocrx_word' id='word_1_273' title='bbox 796 3306 1145 3381; x_wconf 85' lang='lat' dir='ltr'>servitium</span> <span class='ocrx_word' id='word_1_274' title='bbox 1204 3306 1424 3399; x_wconf 78' lang='lat' dir='ltr'>magis</span> <span class='ocrx_word' id='word_1_275' title='bbox 1478 3310 1874 3403; x_wconf 77' lang='lat' dir='ltr'>expendere</span> <span class='ocrx_word' id='word_1_276' title='bbox 1917 3358 1940 3390; x_wconf 93' lang='lat'><strong><em>,</em></strong></span> <span class='ocrx_word' id='word_1_277' title='bbox 2011 3306 2218 3401; x_wconf 53' lang='lat' dir='ltr'>quem</span> <span class='ocrx_word' id='word_1_278' title='bbox 2252 3308 2376 3382; x_wconf 89' lang='lat' dir='ltr'>suo</span> <span class='ocrx_word' id='word_1_279' title='bbox 2421 3306 2707 3383; x_wconf 70' lang='lat' dir='ltr'>affestui</span> 
     </span>
     <span class='ocr_line' id='line_1_32' title="bbox 296 3402 2705 3499; baseline 0.001 -22"><span class='ocrx_word' id='word_1_280' title='bbox 296 3404 675 3498; x_wconf 83' lang='lat' dir='ltr'>indulgere</span> <span class='ocrx_word' id='word_1_281' title='bbox 704 3407 883 3477; x_wconf 81' lang='lat' dir='ltr'>velit</span> <span class='ocrx_word' id='word_1_282' title='bbox 903 3455 925 3487; x_wconf 92' lang='lat'>‚</span> <span class='ocrx_word' id='word_1_283' title='bbox 945 3426 1087 3478; x_wconf 89' lang='lat' dir='ltr'>non</span> <span class='ocrx_word' id='word_1_284' title='bbox 1107 3402 1227 3477; x_wconf 74' lang='lat' dir='ltr'>hic</span> <span class='ocrx_word' id='word_1_285' title='bbox 1254 3403 1567 3477; x_wconf 80' lang='lat' dir='ltr'>inveniet</span> <span class='ocrx_word' id='word_1_286' title='bbox 1596 3458 1617 3491; x_wconf 91' lang='lat'><strong>,</strong></span> <span class='ocrx_word' id='word_1_287' title='bbox 1669 3426 1872 3498; x_wconf 84' lang='lat' dir='ltr'>quem</span> <span class='ocrx_word' id='word_1_288' title='bbox 1893 3402 2328 3479; x_wconf 88' lang='lat' dir='ltr'>Denneterio</span> <span class='ocrx_word' id='word_1_289' title='bbox 2351 3404 2705 3499; x_wconf 82' lang='lat' dir='ltr'>praeferet.</span> 
     </span>
     <span class='ocr_line' id='line_1_33' title="bbox 396 3500 2706 3596; baseline -0 -21"><span class='ocrx_word' id='word_1_290' title='bbox 396 3500 877 3575; x_wconf 79' lang='lat' dir='ltr'>Courtewillii</span> <span class='ocrx_word' id='word_1_291' title='bbox 922 3501 1155 3575; x_wconf 83' lang='lat' dir='ltr'>viduae</span> <span class='ocrx_word' id='word_1_292' title='bbox 1206 3501 1617 3587; x_wconf 81' lang='lat' dir='ltr'>renunciavi</span> <span class='ocrx_word' id='word_1_293' title='bbox 1676 3500 1870 3596; x_wconf 85' lang='lat' dir='ltr'>qnod</span> <span class='ocrx_word' id='word_1_294' title='bbox 1925 3500 2150 3575; x_wconf 84' lang='lat' dir='ltr'>tribus</span> <span class='ocrx_word' id='word_1_295' title='bbox 2197 3502 2428 3577; x_wconf 86' lang='lat' dir='ltr'>verbis</span> <span class='ocrx_word' id='word_1_296' title='bbox 2471 3502 2560 3574; x_wconf 90' lang='lat' dir='ltr'>D.</span> <span class='ocrx_word' id='word_1_297' title='bbox 2607 3502 2706 3574; x_wconf 88' lang='lat' dir='ltr'>V.</span> 
     </span>
     <span class='ocr_line' id='line_1_34' title="bbox 294 3594 2733 3696; baseline -0.002 -25"><span class='ocrx_word' id='word_1_298' title='bbox 294 3598 477 3671; x_wconf 77' lang='lat' dir='ltr'>mihi</span> <span class='ocrx_word' id='word_1_299' title='bbox 537 3598 991 3692; x_wconf 61' lang='lat' dir='ltr'>significavit,</span> <span class='ocrx_word' id='word_1_300' title='bbox 1040 3601 1235 3693; x_wconf 87' lang='lat' dir='ltr'>cujus</span> <span class='ocrx_word' id='word_1_301' title='bbox 1294 3594 1562 3669; x_wconf 87' lang='lat' dir='ltr'>causam</span> <span class='ocrx_word' id='word_1_302' title='bbox 1623 3597 1717 3669; x_wconf 95' lang='lat' dir='ltr'>D.</span> <span class='ocrx_word' id='word_1_303' title='bbox 1757 3596 1848 3669; x_wconf 93' lang='lat' dir='ltr'>V.</span> <span class='ocrx_word' id='word_1_304' title='bbox 1899 3598 2150 3671; x_wconf 87' lang='lat' dir='ltr'>iterum</span> <span class='ocrx_word' id='word_1_305' title='bbox 2184 3621 2394 3696; x_wconf 86' lang='lat' dir='ltr'>atque</span> <span class='ocrx_word' id='word_1_306' title='bbox 2445 3601 2733 3671; x_wconf 84' lang='lat' dir='ltr'>iterum-</span> 
     </span>
     <span class='ocr_line' id='line_1_35' title="bbox 286 3692 2258 3793; baseline -0.001 -24"><span class='ocrx_word' id='word_1_307' title='bbox 286 3697 737 3771; x_wconf 76' lang='lat' dir='ltr'>commendo.</span> <span class='ocrx_word' id='word_1_308' title='bbox 840 3692 1213 3773; x_wconf 83' lang='lat' dir='ltr'>Bruxellae.</span> <span class='ocrx_word' id='word_1_309' title='bbox 1262 3714 1427 3778; x_wconf 76' lang='lat' dir='ltr'>xm.</span> <span class='ocrx_word' id='word_1_310' title='bbox 1466 3695 1651 3793; x_wconf 87' lang='lat' dir='ltr'>Julii.</span> <span class='ocrx_word' id='word_1_311' title='bbox 1702 3715 1835 3769; x_wconf 77' lang='lat' dir='ltr'>cio</span> <span class='ocrx_word' id='word_1_312' title='bbox 1879 3716 1962 3769; x_wconf 73' lang='lat'>12</span> <span class='ocrx_word' id='word_1_313' title='bbox 2003 3711 2258 3769; x_wconf 61' lang='lat' dir='ltr'>cxxix.</span> 
     </span>
    </p>
   </div>
   <div class='ocr_carea' id='block_1_3' title="bbox 2409 4162 2721 4249">
    <p class='ocr_par' dir='ltr' id='par_1_3' title="bbox 2409 4162 2721 4249">
     <span class='ocr_line' id='line_1_36' title="bbox 2409 4162 2721 4249; baseline -0.006 -1"><span class='ocrx_word' id='word_1_314' title='bbox 2409 4168 2484 4247; x_wconf 73' lang='lat' dir='ltr'>E</span> <span class='ocrx_word' id='word_1_315' title='bbox 2525 4168 2598 4249; x_wconf 84' lang='grc' dir='ltr'>Ρ</span> <span class='ocrx_word' id='word_1_316' title='bbox 2633 4162 2721 4245; x_wconf 78' lang='lat' dir='ltr'>I·‘</span> 
     </span>
    </p>
   </div>
  </div>
 </body>
</html>
