3700 4884
1060 159 1069 197 l

284 348 291 363 '
350 358 1039 472 EPISTOLAE
1093 374 1273 467 AD
1324 372 1757 485 JOACH„
1810 345 2529 479 HoppERUM.
2557 392 2720 505 7⁶5

252 586 549 661 magno
596 557 873 641 honore
908 566 1359 645 Provinciam
1380 570 1491 642 alii
1522 571 1761 652 cedet,
1814 571 1934 665 qui
1965 570 2258 655 laceram
2295 572 2716 653 exhaustam-

254 683 413 757 que
492 686 702 759 aegre
765 660 1177 739 conservare
1240 668 1530 760 poterit.
1634 666 2012 739 Dukonem
2067 668 2109 739 a
2172 667 2530 757 Manena,
2595 675 2718 768 qui

250 758 694 852 piratarum
735 756 1296 859 Geufiorumque
1334 762 1629 835 navibus
1676 760 1743 833 se
1795 762 2241 854 adjunxerat,
2293 788 2538 859 magna
2593 794 2716 840 nu·

322 874 411 925 er
450 878 718 932 exorta
761 858 1205 949 tempestate,
1272 856 1636 958 naufragio
1673 858 1950 952 periiss'e
1994 858 2351 950 referunt,
2417 862 2536 935 sed
2581 886 2716 957 ego

322 950 507 1027 ,dem
593 975 739 1026 non
786 951 1109 1025 adhibeo.
1214 952 1630 1045 Eademque.
1708 977 1950 1027 omnes
2029 978 2278 1049 agros„
2347 956 2472 1052 qui
2522 978 2718 1035 extra

254 1044 627 1142 intraque
667 1070 957 1145 aggeres
1006 1058 1401 1141 mestaque
1448 1047 1641 1137 sun‘t,
1690 1050 2097 1141 inundavit,
2146 1050 2549 1147 incolasque
2588 1078 2714 1129 no·

258 1162 374 1214 vo
405 1144 699 1217 damno
736 1138 1001 1216 afflixit.
1066 1142 1437 1237 Campinia
1465 1138 1862 1217 Brabantiae
1886 1146 2045 1237 post
2076 1168 2711 1243 occupatummon-

259 1250 429 1310 tem
484 1234 775 1313 Sanetae
863 1236 1238 1311 Gertrudis
1293 1240 1645 1314 continuis
1706 1238 2126 1315 Geufiorum
2191 1242 2712 1337 excursionibus

132 1352 139 1355 ·
262 1331 629 1429 exposita
660 1334 781 1410 est.
881 1332 1327 1428 Burgundica
1356 1336 1639 1430 negotia
1661 1338 1801 1431 jam
1830 1358 1992 1410 ante
2044 1338 2295 1412 multos
2327 1340 2478 1417 dies
2508 1340 2548 1415 a
2585 1366 2710 1417 no-

255 1426 335 1501 b·
424 1428 799 1517 absoluta,
852 1430 928 1505 ἃ
960 1434 1047 1504 ad
1078 1428 1353 1503 Ducem
1388 1429 1546 1503 sunt'
1566 1429 1960 1505 transmiss'a.
2057 1429 2192 1507 Sed
2225 1458 2584 1523 veremur,
2619 1462 2708 1514 ne

340 1526 745 1600 xceuentia
772 1524 891 1599 sua
944 1529 1177 1623 multis
1220 1526 1657 1623 molestisque
1710 1528 2018 1625 negociis
2066 1526 2400 1624 fatigata,
2469 1558 2710 1611 eorum

262 1619 711 1697 resolutioni
748 1644 889 1694 non
950 1621 1105 1696 satis
1146 1625 1507 1697 intendere
1566 1624 1789 1719 poflit.
1891 1624 2177 1698 Interim
2207 1634 2465 1701 'eorum
2527 1632 2710 1703 r-eso-

264 1716 647 1792 lutionem
679 1720 1003 1813 expett-at
1037 1719 1156 1794 hic
1187 1742 1413 1793 novus
1450 1719 1705 1793 Praeses
1739 1717 2195 1807 Froffardusss,
2244 1723 2459 1819 quise
2484 1724 2580 1797 D.
2619 1724 2702 1799 V'.

262 1815 681 1923 plurimum
718 1816 1195 1894 commendat,
1253 1838 1334 1887 ac
1370 1813 1419 1885 fi
1466 1814 1652 1889 forte
1686 1816 1865 1898 Dux
1898 1818 1986 1889 ad
2023 1816 2134 1889 Re
2187 1842 2299 1892 em
2333 1820 2594 1916 aliquid
2616 1824 2703 1897 de

260 1907 489 2005 ipso„
546 1908 1147 2003 Burgundicisque
1179 1910 1487 2004 negociis
1519 1910 1864 2007 scripserit
1885 1962 1908 1995 ,
1959 1936 2118 2007 quae
2147 1938 2192 1985 o
2229 1935 2304 1987 ut
2335 1916 2484 2013 ejus
2534 1917 2705 1991 defi·

264 2006 503 2081 derio
554 2002 959 2097 satisfacias.
1060 2004 1339 2077 Etenim
1393 2006 1555 2079 cum
1606 2009 1682 2079 in
1734 2006 2216 2082 commistionis
2265 2008 2338 2082 su
2397 2035 2473 2083 er
2522 2008 2706 2087 Prae-

272 2098 531 2176 fidatu
568 2097 993 2195 Burgundiae
1032 2101 1475 2197 expeditione
1502 2152 1527 2188 ,
1573 2098 1790 2175 visum
1834 2106 2182 2175 nonnullis
2232 2102 2328 2177 fui
2387 2126 2496 2194 et,
2545 2109 2704 2181 titu-

262 2198 432 2271 lum
494 2196 826 2292 equestris
860 2196 1217 2289 dignitatis
1255 2198 1319 2269 ei
1358 2198 1709 2284 dandum,
1760 2220 1977 2291 prout
2028 2200 2396 2288 omnibus,
2447 2206 2568 2299 qui
2617 2230 2704 2280 eo

274 2294 539 2367 officio
572 2292 797 2366 funt'ti
828 2288 1159 2381 fuerunt,
1210 2291 1447 2365 datum
1496 2315 1701 2367 antea
1750 2288 1942 2369 fuisse
2005 2293 2344 2371 afferunt.-
2395 2320 2530 2394 ego
2583 2300 2705 2373 ad·

272 2390 725 2483 mittendum
760 2388 835 2461 id
886 2410 1029 2462 non
1066 2390 1357 2483 putavi,
1408 2387 1568 2461 cum
1600 2390 1771 2461 mihi
1798 2413 1958 2488 -non
1987 2390 2332 2466 constaret
2379 2395 2470 2467 de
2514 2418 2706 2469 crea-

274 2486 495 2561 tione
540 2484 799 2579 ipfius,
850 2483 1431 2577 quemadmodum
1492 2488 1567 2557 in
1638 2488 1908 2559 caeteris
1980 2482 2374 2563 Provinciae
2445 2490 2702 2567 nostrae

276 2580 721 2659 Praefidibus
754 2578 1197 2653 observatum
1260 2582 1577 2667 memini,
1628 2606 1711 2656 ut
1766 2584 2101 2657 videlicet
2137 2605 2339 2659 antea
2439 2590 2594 2661 uam
2643 2590 2702 2663 is

282 2679 551 2751 titulus
601 2681 697 2751 eis
742 2676 1166 2773 praeberetur
1192 2726 1212 2759 ,
1276 2702 1364 2751 eo
1404 2680 1671 2751 honore
1728 2678 2238 2773 particulariter
2303 2682 2374 2753 in
2403 2688 2702 2781 igniren-

276 2792 429 2849 tur.
621 2796 713 2845 uo
774 2774 972 2846 ‚hanc
1042 2772 1577 2847 controversiam
1632 2772 2105 2869 consopirem‚
2177 2776 2405 2850 obtuli
2453 2804 2564 2851 me
2614 2776 2705 2853 ad

284 2866 392 2942 D.
447 2866 543 2941 V.
622 2872 1183 2965 cripturum„·ut
1227 2870 1599 2945 commistio
1650 2870 1739 2943 ab
1798 2865 2026 2967 Regia
2074 2870 2446 2967 Majestate
2495 2898 2704 2969 expe-

286 2968 573 3051 diatur,
621 2990 749 3063 per
794 2989 1001 3059 quam
1051 2965 1293 3041 eadem
1343 2970 1703 3040 mandaret
1742 2968 1949 3039 alicui
2004 2968 2303 3061 equestri
2357 2968 2704 3063 dignitate

287 3060 669 3158 insignito,
718 3082 834 3143 ut,
884 3058 1045 3133 cum
1082 3058 1239 3133 Rex
1274 3060 1537 3136 dietum
1576 3058 1946 3133 Praesidem
1972 3086 2060 3135 eo
2089 3066 2359 3135 honore
2415 3066 2705 3161 dignum

287 3156 677 3239 ’udicaret‚
740 3154 896 3252 ipse
964 3157 1388 3231 authoritate
1448 3153 1673 3251 Regia
1734 3158 1924 3229 illum
2013 3158 2320 3253 equitem
2402 3178 2735 3233 crearet.-

275 3183 789 3345 Quamobrem
842 3250 939 3321 D.
990 3246 1081 3324 V..
1152 3274 1331 3345 rogo
1386 3270 1469 3323 ut
1512 3252 1848 3325 relatione
1911 3248 2024 3323 Re
2073 3256 2164 3325 iae
2213 3250 2564 3346 Majestati
2611 3259 2702 3332 de

287 3375 387 3425 eo
434 3342 659 3447 fasta,
703 3346 1071 3439 dignetur,
1144 3346 1523 3430 mandare,
1572 3349 1717 3441 quo
1768 3348 1992 3441 praedi
2067 3374 2110 3423 a
2157 3348 2527 3423 commissio
2581 3376 2700 3423 ex-

344 3448 641 3520 ediatur.
738 3440 1279 3518 Poterit'autem
1324 3465 1471 3517 eam
1525 3444 1659 3515 diri
1710 3466 1824 3514 ere
1871 3442 1958 3517 ad
1995 3434 2092 3516 D.
2139 3442 2584 3523 Franciscum
2616 3448 2705 3521 de

402 3565 579 3637 ergy
620 3538 1195 3637 Gubernatorem
1227 3536 1623 3613 Comitatus
1658 3469 2138 3635 {urgundiae‚
2192 3564 2312 3615 aut
2337 3540 2428 3614 D.
2475 3536 2701 3613 ‘Anto-
2815 3621 2818 3635 Ι

282 3631 490 3737 pium
518 3634 889 3731 decanog:
915 3688 937 3723 ,
992 3632 1377 3731 Dominum
1406 3636 1491 3711 de
1548 3634 1896 3719 Santans,
1943 3640 2066 3711 vei
2109 3636 2700 3736 D.‹Franciscum
2733 3648 2757 3698 .·

284 3722 385 3809 d'e
425 3732 915 3829 Wautreners,
972 3732 1283 3829 equites,
1330 3751 1448 3827 aut
1490 3732 1706 3806 aliurn
1757 3733 2070 3829 equitem
2117 3730 2322 3826 super
2355 3755 2444 3805 eo
2475 3734 2704 3833 requi·
2748 3739 2763 3747 ”

286 3826 544 3919 iim,
586 3850 666 3925 ut
706 3827 909 3901 illum
960 3852 1051 3903 ex
1106 3826 1525 3925 authoritate
1560 3826 1787 3923 Regia
1820 3830 2138 3921 equitem
2183 3849 2442 3901 creent.

338 3920 351 3991 ἶ
390 3920 707 3999 Misimus
732 3918 967 4000 'autem
998 3922 1091 4000 ad
1124 3918 1415 4000 Ducem
1443 3924 1926 3997 ordinationes
1950 3940 2090 3995 tam
2157 3926 2465 4012 eneraLes
2496 3946 2704 4024 quam

284 4020 743 4122 {particulares
794 4013 1175 4118 conceptas
1213 4017 1417 4115 super
1464 4012 1920 4094 correstione.
1953 4018 2092 4093 abu
2125 4041 2330 4111 uum,
2419 4045 2546 4097 uos
2577 4044 2708 4121 per

292 4104 757 4207 visitationem
801 4117 873 4187 in
918 4109 1321 4213 Burgundia
1370 4110 1623 4189 fafitam
1656 4114 2130 4211 cognovimus
2147 4166 2176 4211 ‚
2221 4116 2348 4215 qui
2421 4140 2576 4199 orte
2615 4122 2706 4195 ad

288 4212 591 4314 Regiani
651 4204 1091 4321 lissajestatem¹
1124 4212 1393 4315 easdem
1446 4208 1870 4315 transmittit.
2097 4286 2106 4295 ,
2677 4274 2684 4282 ,

290 4306 344 4411 ’ἶί
480 4380 491 4407 .·
587 4308 595 4314 “
1126 4312 1142 4336 ’
1334 4295 1538 4384 'Eee-
1585 4311 1685 4387 ee
1808 4309 1816 4317 ’
1909 4308 1914 4317 ’
2073 4310 2082 4319 “
2206 4320 2214 4325 ’
2532 4306 2710 4401 Quo
