3700 4884
2826 7 2882 147 l

833 271 845 282 ·
927 364 1094 481 726
1145 289 1618 462 VIGLII
1673 376 1806 443 AB
1862 343 2379 483 AYTTA
2452 339 3203 439 ZUICHEMI

1029 554 1166 630 Sed
1213 555 1370 628 duae
1406 548 1564 634 sunt
1603 542 1825 620 causae
1859 542 1953 615 ob
1984 563 2159 636 quas
2192 541 2678 614 nonnullorum
2693 540 2901 616 animi
2916 543 3003 615 ab
3020 565 3104 615 eo
3120 563 3309 614 aver-

931 651 984 728 fi
1035 653 1359 726 videnter
1413 669 1432 718 ε
1481 643 1678 738 quod
1741 639 1928 713 forte
1966 635 2247 712 faveant
2282 640 2441 733 plus
2476 636 2635 710 satis
2678 639 2853 724 illis,
2906 642 3026 734 qui
3074 639 3313 711 turbas

779 751 786 760 ’
929 751 1120 846 apud
1161 769 1290 819 nos
1327 741 1529 816 initio
1569 739 2015 814 concitavere
2035 785 2058 820 ,
2106 757 2235 808 nec
2266 757 2429 829 erga
2449 733 2886 808 Catholicam
2909 737 3313 832 religionem

931 844 1090 918 satis
1117 841 1350 916 affesti
1396 837 1574 911 sunt.
3092 879 3097 884 ,

1029 941 1270 1014 Altera
1305 933 1404 1011 est
1438 929 1683 1014 causa,
1733 925 1925 1024 quod
1960 927 2245 999 militem
2277 926 2371 1000 ob
2404 923 2663 1001 Patriae·
2690 925 3159 1004 defensionem
3198 927 3316 1000 de-

934 1035 1209 1111 mittere
1249 1031 1582 1127 nequiens
1605 1081 1627 1114 ‚
1675 1049 1820 1100 non
1852 1021 2153 1097 habente
2190 1021 2449 1111 Curia,
2499 1023 2692 1119 quod
2724 1028 2793 1097 in
2828 1022 3167 1119 stipendia
3200 1046 3319 1106 eo-

937 1156 1096 1207 rum
1151 1123 1649 1210 subministret,
1699 1117 1983 1196 coaetus
2038 1115 2409 1193 necess'ario
2460 1116 2675 1194 fuerit
2726 1121 2813 1194 ab
2850 1121 3269 1196 Civitatibus
3292 1178 3315 1213 ‚

939 1223 1492 1318 Grietteniisque.
1531 1219 1784 1314 partim
1817 1237 2061 1288 mutuo
2093 1265 2116 1300 ,
2166 1217 2421 1307 partim
2450 1216 2971 1290 contributione
3004 1244 3146 1314 quo
3174 1223 3319 1314 quo

933 1325 1147 1400 modo
1185 1319 1346 1418 ipsis
1379 1315 1783 1412 providtrs.
1876 1312 1960 1384 Id
1994 1311 2185 1407 quod
2218 1333 2413 1385 tanto
2458 1315 2734 1404 gravius
2756 1318 3033 1409 populo
3048 1317 3271 1408 existit
3294 1369 3318 1400 ,

943 1419 1137 1516 quod
1184 1415 1534 1492 novissima
1565 1411 2057 1494 inundatione,
2108 1429 2265 1502 quae
2300 1407 2525 1480 mense
2556 1411 2873 1507 Augusto
2909 1413 3327 1501 accidit,in-

945 1513 1364 1592 credibiliter
1395 1505 1687 1583 afflictus
1736 1502 1842 1578 fit.

1044 1609 1242 1707 (37)
1291 1605 1778 1682 Venduillium
1824 1621 1967 1692 tam
2024 1600 2479 1698 longinquam
2511 1601 3141 1696 peregrinationem
3179 1609 3324 1703 pri·-

942 1728 1114 1784 vato
1151 1707 1433 1778 nomine
1474 1694 1828 1794 suscepiffe
1853 1748 1876 1783 ‚
1924 1696 2135 1770 valde
2162 1699 2417 1784 miror3
2470 1693 2542 1770 &
2574 1697 2697 1769 vix
2718 1697 2839 1770 hic
2857 1702 3158 1774 retinere
3172 1701 3327 1796 pos·

941 1803 1178 1880 sumus
1215 1799 1326 1873 M.
1361 1797 1697 1892 Joannem
1736 1791 2069 1867 Halleum
2096 1843 2119 1878 ,
2169 1793 2333 1887 qui,
2384 1791 2436 1864 fi
2472 1793 2847 1888 aliquando
2884 1797 2972 1870 eo
3012 1817 3329 1874 excurre-

945 1900 1080 1987 rit,
1129 1918 1331 1972 aurea
1367 1893 1624 1968 vestras
1649 1889 1893 1964 itidem
1938 1891 2355 1985 oppleturos
2390 1885 2513 1962 est.

1043 1991 1592 2090 Expeditionem
1644 1986 2247 2079 Burgundicorum
2296 2008 2383 2058 ne
2434 1982 2746 2062 ociorum
2792 1985 2890 2060 D.
2943 1987 3035 2060 V.
3076 1990 3325 2062 iterum

945 2112 1160 2188 atque
1192 2092 1442 2164 'iterum
1481 2081 1899 2158 commendo
1918 2135 1940 2172 ‚
1989 2102 2121 2155 nec
2169 2079 2272 2155 ibi
2308 2081 2395 2155 de
2426 2102 2553 2156 unt
2572 2133 2595 2168 ,
2645 2085 2766 2178 qui
2784 2133 2809 2171 ,
2858 2105 2941 2157 ut
2968 2084 3123 2162 fieri
3160 2086 3327 2161 ass‘o-

949 2191 1086 2270 let,
1139 2203 1384 2261 contra
1413 2200 1630 2256 novas
1666 2178 2142 2254 ordinationes
2186 2177 2733 2252 obmurmurent.
3056 2217 3063 2224 ·

1051 2276 1536 2378 Trajeetenses
1590 2275 1678 2348 ad
1737 2274 2032 2370 Regiam
2080 2275 2372 2370 gratiam
2413 2276 2793 2370 plurimum
2838 2279 3163 2353 anhelant
3181 2334 3203 2369 ‚
3252 2279 3331 2354 ὅτ

951 2379 1204 2454 mirum
1239 2377 1337 2451 est
1370 2373 1646 2448 Ducem
1669 2422 1693 2459 ,
1738 2367 1881 2445 five
1906 2370 2250 2466 generali,
2298 2366 2437 2446 ssve
2452 2372 2849 2468 particulari
2862 2376 3143 2470 gratiae,
3164 2397 3330 2450 tam-

951 2475 1078 2550 diu
1129 2473 1536 2548 reluctatum
1571 2464 1771 2540 fuiss'e
1824 2492 1841 2538 ε
1894 2489 2033 2562 qua
2082 2463 2443 2540 severitate
2497 2468 2807 2541 omnium
2858 2492 3041 2564 pene
3072 2475 3335 2545 animos

953 2570 1328 2652 exterruit,
1379 2564 1466 2642 de
1501 2584 1645 2661 quo
1681 2561 1851 2638 Dux
1891 2559 2319 2640 Medinenfis
2350 2560 2553 2638 vobis
2590 2567 2889 2640 certiora
2934 2567 3189 2643 referre
3203 2589 3327 2664 po-

945 2665 1129 2742 terit.
1311 2734 1316 2746 ,
1384 2747 1390 2752 ,
1521 2667 1532 2680 “

1049 2759 1274 2854 Junxi
1338 2756 1600 2852 aliquid
1644 2759 1735 2832 ad
1792 2753 2062 2852 Regem
2116 2753 2324 2851 super
2384 2779 2471 2831 eo
2508 2755 2699 2852 quod
2740 2756 3095 2832 mandarat
3130 2758 3332 2857 super

953 2857 1270 2934 creandis
1306 2858 1510 2930 novis
1554 2851 1901 2937 officiariis
1943 2851 2206 2925 ordinis
2228 2904 2249 2938 ,
2299 2855 2493 2948 quod
2524 2849 2755 2948 quaeso
2793 2876 2873 2926 ut
2904 2853 2996 2926 D.
3046 2858 3137 2928 V.
3174 2881 3327 2930 cum

951 2957 1092 3030 mei
1125 2951 1506 3028 humillima
1542 2948 2149 3027 commendatione
2182 2949 2246 3020 ei
2276 2949 2609 3024 exhibere
2641 2970 2781 3019 non
2800 2973 3148 3044 gravetur.
3198 2952 3332 3026 Ve.

951 3050 1110 3127 rum
1163 3048 1464 3126 arbitror
1507 3068 1668 3122 ante
1729 3045 1961 3120 Ducis
1988 3045 2292 3118 reditum
2328 3045 2502 3116 nihil
2534 3069 2691 3119 eum
2726 3041 2935 3140 super
2970 3069 3059 3120 eo
3092 3043 3337 3122 consti-'-

953 3137 1294 3258 tutat-um}
1392 3143 1585 3218 Bene
1636 3144 1830 3226 vale,
1890 3139 2339 3214 Hopnu
2422 3139 2578 3212 CL.
2630 3141 2997 3216 Bruxessae.
3047 3165 3185 3218 vu.
3230 3144 3336 3239 Ja-

952 3263 1199 3316 nuarn.
1251 3259 1386 3313 cm
1442 3259 1524 3312 ιο
1573 3257 1830 3312 Lxxm.

1055 3334 1176 3409 Ne
1278 3359 1354 3417 s,
1400 3353 1620 3428 ‘quem
1674 3332 1774 3405 D.
1823 3329 1920 3405 V.
1970 3333 2484 3418 commendavi,
2538 3356 2681 3406 non
2717 3330 3103 3407 Folcardus
3135 3359 3337 3410 voca-

943 3453 1061 3508 tur
1083 3485 1112 3520 ,
1155 3358 1276 3504 ἕεῗ
1307 3427 1733 3502 Wibrandus
1767 3427 1961 3522 Ayta
1996 3431 2087 3501 de
2120 3425 2483 3510 zmituem
2512 3427 2573 3521 J.
2614 3427 2710 3504 U.
2766 3427 3184 3514 Delfica&
3206 3429 3345 3506 Re-

943 3527 1106 3700 1ξὶίείῄι·
1159 3523 1646 3602 Univerfitatis
1693 3522 2038 3612 Dolanae‚
2086 3524 2609 3624 ordinariusque
2652 3525 2913 3602 ibidem
2948 3526 3143 3618 Juris
3174 3528 3333 3606 Pro.-

979 3652 1015 3703 e
1069 3649 1173 3702 or.

1030 3813 1205 3962 (313)
1253 3809 1682 3916 ἵεηιζιιίιζὶυε]
1767 3827 2027 3878 oannes
2070 3811 2188 3909 qui
2240 3810 2475 3910 postea
2512 3809 2891 3918 Episcopus
2936 3815 3334 3882 Tornacen-

941 3897 1060 3973 fis,
1177 3897 1434 3963 orztlonu
1490 3895 1696 3963 succe
1747 3911 1852 3964 or.
1936 3895 2049 3962 De
2108 3897 2471 3964 illo-emm
2516 3898 2631 3964 h1c
2683 3913 2791 3982 agi
2848 3913 3044 3983 pute.
3128 3899 3355 3964 Porro-

937 3979 1075 4074 fuit
1103 3978 1166 4062 J.
1212 3980 1304 4048 U.
1345 3981 1437 4047 D.
1478 3979 1930 4078 Lovanienfis
1952 4027 1975 4060 ,
2019 3979 2293 4077 ejusque
2378 3978 2735 4050 otissirnum
2760 3980 3343 4078 hortatu-Acad&

935 4059 1585 4220 ma...
1615 4063 1941 4236 aare
1960 4144 2398 4232 J.

3053 4309 3347 4392 EPR-
