3700 4884
309 313 318 320 ’
400 327 1062 434 Ems‘rorAE
1115 329 1296 426 AD
1352 329 1788 447 JOACH.
1845 333 2565 438 HOPPERUM.
2594 270 2761 464 ⁷33

199 575 218 583 »
333 547 476 626 per
497 531 740 606 literis
770 525 1094 604 tuis-'acci
1145 529 1406 616 iam‘us,
1446 529 1598 625 'quo
1631 527 2167 608 fundumentum
2198 537 2490 634 aliquod·
2512 536 2764 613 habea·

333 647 545 713 mus,
599 629 716 701 cui
756 625 926 724 supe
1076 629 1090 644 “
1231 629 1560 702 re'nobis
1595 630 1781 702 licet.

430 719 798 797 Reinardo
835 724 1072 798 nostro
1114 723 1422 822 quietem
1469 743 1798 800 aeternam
1843 746 2101 820 precor
2122 775 2145 810 ,
2194 729 2578 826 optavique
2632 731 2759 806 sae-

328 820 498 916 pius
521 870 544 903 ‚
599 837 680 891 ut
707 815 996 894 confilio
1033 843 1192 902 meo
1237 819 1685 914 acquieviss'et
1710 871 1734 908 ,
1783 821 1881 895 ac'
1904 821 1993 894 ab
2050 819 2550 910 simultatibus,
2599 829 2755 924 qui·
2813 890 2829 898 ,

329 919 468 990 bus
513 915 662 1011 ejus
708 919 977 991 animus
1019 914 1450 1010 agitabatur,
1499 915 1959 1000 abstinuisset,
2006 917 2477 1016 beneficiaque
2510 922 2598 996 ab
2632 947 2754 1018 pa·

327 1015 562 1086 tronis
615 1031 906 1108 accepta
933 1063 954 1099 ‚
1019 1035 1178 1084 cum
1225 1033 1310 1086 ea
1363 1034 1505 1108 qua
1553 1011 1852 1090 decebat
1898 1015 2321 1110 gratitudine
2352 1067 2375 1096 ,
2443 1017 2757 1112 agnovis-
2902 1035 2927 1049 “
3041 1105 3056 1112 ,

329 1105 454 1182 set.
537 1107 732 1181 Bene
791 1108 946 1180 vale
976 1157 996 1190 ‚
1046 1105 1202 1180 CL.
1255 1105 1354 1180 D.
1405 1107 1897 1210 Hortante,
1948 1112 2021 1186 &
2052 1114 2337 1208 conjugi
2385 1113 2755 1210 liberisque

323 1209 630 1278 multam
680 1203 718 1275 a
766 1226 878 1277 me
925 1202 1214 1278 salutem
1265 1201 1504 1279 dicito.
1605 1201 1983 1310 Bruxellae.
2036 1207 2751 1309 Calend.Septembr.

330 1320 460 1373 cm
518 1323 592 1372 io
635 1320 897 1374 Lxxm.
1539 1341 1550 1348 -

615 1467 1678 1598 EPISTOLA.
1799 1503 2409 1612 CCVII.

327 1661 613 1800 Mirm
681 1714 795 1800 ad
869 1711 1176 1831 Regem
1231 1711 1718 1822 falkio-ulum
1771 1711 2037 1830 super
2098 1711 2339 1804 rebus
2422 1717 2747 1820 Ordinis

440 1827 716 1914 Aurei
781 1824 1146 1916 Vellere’s.
1219 1821 1630 1944 Oppidula
1665 1857 1718 1912 a
1767 1828 2081 1932 Geufiis
2141 1853 2537 1946 occupata.
2597 1833 2747 1920 De

440 1937 1017 2053 Mddelburg'o
1075 1942 1484 2024 retinendo
1537 1939 1761 2025 nulla
1791 1939 2007 2054 spes.
2126 1941 2530 2056 Proponit
2601 1947 2747 2032 ali-

441 2075 640 2252 qutos
721 2049 766 2139 ἐ
843 2045 1127 2194 quibui
1184 2048 1542 2167 praestdt's
1633 2049 1722 2140 T
1697 2051 2088 2166 ysenachii
2138 2054 2529 2177 succeffq·
2602 2057 2742 2146 eli·

434 2193 546 2282 gu
589 2191 710 2253 ur.
2320 2201 2333 2216 ·

313 2371 578 2542 CL.
632 2371 730 2452 D.
764 2375 1236 2452 Hor-nult.
1281 2375 1782 2473 Superioribus
1812 2375 2059 2454 diebus
2090 2379 2349 2476 aliquid
2384 2381 2471 2456 ad
2510 2379 2609 2463 D.
2636 2377 2732 2458 V.

517 2476 896 2568 ‘literarum
926 2473 1144 2566 dedi,
1183 2473 1432 2550 verum
1479 2473 1730 2548 dubius
1769 2473 1955 2558 sum,
2002 2499 2093 2550 an
2123 2479 2581 2576 adhuc-‘apud
2618 2477 2729 2550 M.

310 2570 672 2666 postarum
726 2571 1204 2658 detineantur,
1257 2592 1448 2644 nunc
1477 2593 1650 2645 vero
1701 2574 1958 2648 certior
2002 2569 2225 2646 sactus
2252 2575 2341 2650 ab
2370 2571 2735 2648 Illustriffi-

311 2687 436 2739 mo
479 2665 686 2743 Duce
727 2670 816 2742 de
869 2665 1149 2742 cursore
1191 2667 1265 2740 in
1307 2663 1726 2762 Hispaniam
1771 2667 2117 2741 mittendo
2138 2722 2161 2755 ,
2208 2692 2369 2742 curn
2404 2687 2549 2766 quo
2588 2669 2733 2742 Ex-

312 2765 643 2840 cellentia
671 2761 791 2840 sua
821 2764 1218 2848 mandavit,
1265 2785 1345 2838 ut
1393 2763 1482 2836 ad
1520 2762 1812 2859 Regiam
1855 2760 2285 2860 Majestatem
2318 2789 2397 2840 ea
2486 2765 2727 2855 e'rscrj-

307 2859 586 2944 berem,
640 2883 801 2958 quae
839 2883 999 2934 cum
1037 2860 1239 2935 Duce
1275 2859 1492 2933 Erico
1517 2856 2073 2954 Bruynswicenfi
2107 2858 2311 2956 super
2352 2886 2391 2934 e
2492 2863 2728 2936 ibitio-

297 2963 399 3026 fle
434 2957 647 3031 Aurei
685 2957 1000 3042 Vellei-is-
1019 2959 1168 3030 asta
1199 2953 1480 3030 fuiss'ent
1496 2971 1530 3041 ,¹
1570 2956 1638 3028 ei
1663 2952 2131 3041 satisfaciens,
2180 2957 2269 3029 ad
2320 2978 2389 3031 te
2436 2957 2725 3032 fascicu-

303 3051 458 3125 lum
495 3052 740 3148 Regioe
772 3051 1113 3149 Majestati
1136 3049 1588 3148 inscriptum,
1638 3051 2153 3134 destinandum,
2208 3063 2417 3148 atque
2454 3055 2721 3149 aliquid

297 3146 660 3225 literarum
706 3151 1220 3245 adiungendum
1270 3148 1536 3244 putavi.
1635 3145 1895 3220 Nescio
1948 3165 2176 3220 autem
2227 3169 2316 3219 an
2366 3173 2456 3223 ex
2504 3151 2731 3236 literis.
2784 3165 2796 3177 “

301 3239 449 3317 fuae
507 3242 964 3317 Excellentiae
1015 3247 1320 3318 certiora
1379 3243 1782 3336 intelligetis
1833 3244 1923 3314 de
1976 3242 2275 3317 success'u
2340 3243 2719 3322 ob'fidionis
2783 3317 2792 3324 .

299 3339 734 3412 Alckmariae
757 3390 779 3427 ,
827 3338 1234 3434 caeterisque
1319 3359 1432 3412 uae
1461 3341 1530 3410 in
1571 3337 1957 3411 Hollandia
1996 3363 2375 3434 geruntur,
2422 3368 2553 3417 nos
2592 3339 2735 3420 hic'

301 3437 395 3510 de
449 3440 534 3511 iis
582 3437 756 3508 nihil
785 3435 1166 3510 habemus.
1339 3434 1877 3529 ehementerque
1922 3435 2239 3513 dolemus
2278 3439 2579 3514 Geufios
2610 3443 2717 3513 hi·
2870 3464 2879 3472 ·

303 3529 422 3608 sce
451 3533 701 3608 diebus
731 3531 1078 3628 oppidula
1115 3528 1839 3618 Montis-Gertrudis3
1889 3555 1970 3607 ac
2000 3531 2557 3632 Steenbergenfis
2592 3559 2717 3610 oc-

305 3627 624 3725 cupaffe‚
675 3632 1032 3725 metuique
1070 3651 1160 3702 ne
1191 3627 1488 3701 Bredam
1517 3629 2060 3728 progrediantur
2080 3681 2103 3717 ‚
2128 3631 2715 3726 Campiniamque

303 3729 726 3822 quotidianis
759 3723 1280 3800 excursionibus
1313 3723 1993 3824 praedationibusque
2024 3725 2371 3812 infestent.
2424 3725 2585 3801 Nec
2600 3729 2711 3800 -de

297 3826 672 3898 retinendo
713 3823 1224 3918 Middelburgo
1251 3833 1500 3918 magna
1547 3824 1750 3898 nobis
1795 3818 1951 3918 spes
1984 3821 2291 3916 superest
2312 3875 2332 3914 ,
2384 3821 2506 3896 nifi
2556 3823 2713 3900 aliis

296 3917 570 3994 auxiliis
624 3917 1058 4016 consiliisque
1115 3941 1224 3992 res
1278 3938 1581 4015 geratur.
1673 3917 1961 4012 Accepi
1984 3957 1995 3966 ·
2018 3936 2301 4012 quoque
2349 3920 2581 3995 literas
2617 3923 2713 3997 ab

293 4012 738 4088 Illustriffimo
788 4013 992 4090 Duce
1029 4067 1051 4102 ,
1122 4015 1380 4114 quibua
1433 4012 1739 4087 advisum
1785 4035 2015 4084 meum
2050 4016 2321 4108 expetit
2358 4011 2569 4113 super
2620 4039 2712 4093 eo

297 4109 494 4208 quod
529 4107 686 4184 Rex
716 4108 805 4182 ad
841 4111 1001 4186 curn
1043 4109 1350 4212 scripfie',
1401 4112 1489 4187 de
1527 4110 1963 4184 nominandis
1994 4111 2391 4210 aliquibus.
2426 4137 2517 4189 ex
2607 4117 2713 4191 ui-

299 4207 436 4290 bus
467 4203 1020 4298 suocess‘oremin
1037 4207 1275 4292 officio
1287 4206 1632 4290 praesidis.
1655 4205 2087 4310 T'yfenachii
2119 4211 2448 4311 deligere·
2459 4233 2565 4310 po
2610 4236 2723 4384 ¹⁸32
