3700 4884
918 372 1083 485 582
1142 274 1622 465 moin
1676 377 1811 447 Aa
1857 279 2395 469 'AYT'TA
2447 266 3268 452 'zmcnam

918 558 1208 639 censuit.
1245 555 1408 653 Ego
1440 576 1623 631 vero
1660 575 1803 629 non
1827 548 2014 631 aliud
2053 547 2119 623 ei
2159 545 2576 646 respondere
2611 551 2852 645 potui,
2903 551 3112 649 quam
3133 556 3340 654 'quod

922 660 1013 735 ad
1046 654 1271 752 ipsum
1314 656 1657 749 Aggaeum
1694 642 1972 745 scripsi:
2019 640 2381 721 consulere
2421 668 2530 719 me
2566 650 2896 722 'videlicet
2916 668 2995 720 ut
3030 672 3118 725 ex
3153 676 3343 727 erro·

922 778 1001 831 re
1038 756 1113 826 in
1154 756 1337 825 via‘m
1386 750 1674 841 redeat,
1712 764 1832 817 aut
1865 744 2136 815 muneri
2170 738 2538 817 Affess'orio
2582 744 2809 817 cedat.
2909 743 3136 835 ‚Quod
3165 744 3221 820 fi
3247 746 3346 822 fa-

925 872 1090 925 cere
1116 844 1382 922 recuset
1400 894 1423 927 ,
1470 860 1707 933 metuo
1736 862 1821 917 ne
1852 836 2231 913 secundum
2267 838 2809 915 constitutiones
2837 836 3128 937 Imperii
3155 866 3344 919 amo·

924 946 1075 1021 veri
1126 944 1289 1015 inde
1334 936 1705 1015 difficulter
1734 954 1988 1033 queat,
2041 933 2118 1009 δι
2160 932 2504 1032 judicium
2561 935 2878 1011 Camerae
2923 943 3110 1033 apud
3147 943 3340 1034 quod

924 1039 1335 1117 eruditionis
1380 1035 1785 1131 opinionem
1832 1030 1990 1107 fibi-
2015 1054 2162 1103 non
2189 1034 2568 1129 vulgarem
2607 1082 2631 1121 ,
2689 1054 2944 1108 novem
2993 1056 3336 1123 annorum

924 1136 1153 1233 spatio
1186 1184 1211 1223 ,
1260 1131 1693 1229 comparavit
1720 1178 1747 1217 ,
1797 1128 2118 1204 revocari
2167 1144 2290 1201 aut
2327 1128 2676 1203 removeri
2709 1151 2871 1203 eum
2919 1152 3110 1224 aegre
3143 1130 3336 1207 forfi-

929 1254 1051 1307 tan
1096 1232 1421 1329 patietur.
1472 1226 1699 1321 Quod
1730 1223 1779 1298 fi
1810 1244 2042 1301 autem
2067 1218 2212 1317 ipse
2239 1242 2484 1297 contra
2531 1224 2829 1309 nitatur,
2879 1222 3198 1309 futurum
3231 1231 3337 1304 vi·

930 1328 1066 1403 deo
1086 1328 1237 1414 (ut
1274 1326 1393 1399 bic
1433 1344 1677 1397 contra
1731 1344 1887 1394 eum
1937 1322 2024 1393 ad
2063 1317 2410 1393 bonorum
2455 1316 3013 1395 confiscationem
3053 1346 3136 1398 ac
3167 1322 3336 1399 ban·

928 1442 1097 1498 num
1141 1420 1585 1517 procedatur.
1710 1416 2196 1508 Quamobrem
2253 1416 2602 1512 utrimque
2647 1438 2760 1491 res
2809 1418 3144 1515 perplexa
3191 1420 3342 1523 est3

926 1516 1173 1595 verum
1226 1538 1372 1612 ego
1410 1539 1571 1591 eum
1614 1514 1955 1594 saniorem
1997 1511 2185 1587 viam
2235 1513 2490 1605 eligere
2527 1509 2982 1587 deiiderarem
3013 1562 3039 1601 ,
3101 1538 3186 1590 ac
3236 1518 3342 1591 di-

923 1614 1129 1688 miffis
1150 1612 1553 1697 erroribus,
1584 1608 1653 1683 .fi
1704 1630 1891 1707 quos
1933 1609 2008 1679 in
2055 1604 2441 1681 Germania
2471 1604 2741 1693 hausit,
2791 1610 2880 1683 ad
2928 1606 3156 1687 sanam
3204 1610 3342 1686 Ca·

926 1712 1397 1805 tholicamque
1442 1704 1826 1781 doeh-inam
1865 1704 2100 1778 redeat
2136 1758 2158 1792 ,
2223 1722 2345 1777 aut
2387 1698 2438 1774 fi
2474 1703 2546 1777 id
2576 1700 2808 1779 facere
2836 1706 3050 1799 nolit,
3099 1708 3338 1803 quiete

926 1808 1323 1900 honorique
1352 1802 1475 1876 suo
1506 1802 1580 1877 δι
1610 1802 1844 1877 liberis
1882 1800 2281 1875 voluntaria
2313 1794 2604 1874 ceffione
2629 1796 2814 1874 illius
2837 1807 3142 1879 muneris
3170 1827 3343 1880 con·

924 1900 1129 1979 sulat.
1227 1898 1455 1973 Valde
1521 1922 1753 1973 autem
1811 1916 2060 1971 vereor
2095 1947 2120 1985 ,
2186 1918 2276 1969 ne
2323 1894 2528 1989 parvi
2563 1898 2897 1971 momenti
2935 1922 3108 1973 meae
3147 1902 3340 1998 apud

928 1996 1134 2073 illum
1180 1992 1312 2069 fint
1354 1997 1615 2079 literae,
1666 2016 1823 2070 cum
1856 1996 1994 2087 jam
2037 2014 2236 2065 antea
2271 1986 2365 2067 D.
2400 1986 2493 2063 V.
2531 1990 2951 2069 intellexerit
2985 2046 3010 2081 ,
3059 1994 3235 2071 mihi
3275 2020 3347 2073 e-

936 2094 1011 2167 ’u
1040 2096 1201 2169 dem
1233 2090 1337 2165 rei
1370 2090 1571 2166 causa
1608 2114 1751 2163 non
1794 2086 1951 2161 satis
1993 2110 2149 2161 cum
2199 2088 2320 2159 illo
2365 2086 2800 2171 convenisse,
2849 2084 2928 2163 δι
2971 2092 3349 2170 meminisse

928 2120 1033 2263 b.
1083 2186 1173 2259 V.
1224 2209 1438 2283 puto,
1487 2210 1696 2284 quam
1736 2184 2029 2258 fecerim
2078 2180 2553 2257 difficultatem
2585 2184 2660 2257 in
2696 2206 2782 2257 eo
2813 2184 2902 2259 ad
2934 2184 3346 2265 ass'ess'oriam

935 2285 1343 2383 dignitatem
1374 2280 1908 2378 promovende,
1957 2279 2268 2375 quidque
2297 2274 2446 2373 ipse
2496 2273 2573 2351 δι
2606 2278 2706 2353 D.
2732 2278 2827 2352 V.
2863 2304 2945 2356 ac
2982 2282 3346 2360 Illustriffiz

934 2404 1056 2456 mo
1094 2378 1193 2452 D.
1233 2378 1596 2454 cardinali
1640 2376 2177 2451 Grandvellano
2212 2394 2384 2449 tunc
2431 2370 2662 2448 sancte
2707 2376 3126 2472 promiserit.
3175 2380 3343 2457 val.

932 2476 1029 2552 de
1080 2492 1317 2549 autem
1343 2472 1637 2572 semper
1658 2473 1927 2547 veritus
1957 2468 2096 2561 fui,
2145 2492 2231 2544 ne
2263 2469 2636 2565 aliquando
2673 2474 3189 2553 commendatio
3215 2499 3346 2552 no·

852 2588 861 2607 ·
938 2569 1075 2647 stra
1120 2570 1467 2667 pudorem
1520 2568 1725 2643 nobis
1768 2570 2118 2643 incuteret
2158 2618 2179 2656 ‚
2231 2568 2337 2639 uti
2382 2588 2576 2641 certe
2625 2590 2812 2645 nunc
2857 2575 3136 2657 evenit,
3182 2575 3348 2655 cum

936 2666 1353 2743 calumniam
1396 2663 2110 2757 obtrefiiationemque
2147 2682 2290 2735 non
2329 2682 2622 2757 parvam
2668 2686 2756 2736 ex
2813 2666 2960 2763 ejus
3011 2656 3346 2749 affinitate⁸

938 2786 1027 2838 co
1080 2763 1497 2856 nationeque
1548 2785 1631 2835 ac
1666 2761 2109 2857 promotione
2150 2756 2622 2833 sustineamus.

1110 2853 1446 2953 ognosces
1501 2878 1727 2930 autem
1778 2879 1868 2933 ex
1907 2855 2254 2941 articulis,
2303 2852 2653 2953 ipfiusque
2697 2856 2958 2949 literis,
3011 2880 3155 2959 quo
3197 2866 3344 2939 ani·

941 2978 1065 3037 mo
1104 2976 1271 3051 erga
1306 2948 1749 3027 Catholicam
1808 2952 2224 3047 religionem
2265 2948 2350 3025 fit
2396 2948 2710 3029 affefiius.
2809 2953 2922 3029 Ac
2967 2954 3344 3057 postquam

941 3057 1043 3127 ita
1084 3074 1240 3127 eum
1279 3047 1525 3123 sentire
1570 3048 1817 3135 video,
1870 3050 2066 3121 nullo
2110 3044 2320 3141 pacto
2358 3046 2594 3142 iudico
2643 3050 2815 3123 mihi
2858 3056 2998 3147 ejus
3033 3056 3348 3147 patroci-

942 3144 1145 3227 nium'
1176 3144 1681 3241 suscipiendum
1734 3140 1867 3217 effe
1885 3192 1910 3229 ,
1955 3166 2045 3218 ne
2079 3150 2191 3216 'me
2225 3141 2454 3310 {psum
2489 3148 2561 3218 in
2600 3148 2882 3242 aliquod
2915 3150 3302 3241 periculum
3323 3202 3352 3237 ‚

942 3266 1063 3317 aut
1090 3241 1546 3339 suspicionem
1580 3242 1957 3325 adducam..
2010 3262 2096 3313 ac
2137 3239 2224 3313 de
2254 3242 2502 3314 endam
2539 3241 2942 3315 excusemve
2960 3295 2982 3331 ‚
3031 3266 3189 3339 quae
3213 3250 3358 3321 ani-

940 3359 1063 3414 mo
1094 3360 1254 3411 meo
1292 3360 1638 3433 nunquam
1672 3338 2113 3431 placuerunt.
2183 3332 2544 3433 Doluique
2574 3334 2756 3437 saepe
2794 3357 3076 3433 neptem
3111 3342 3184 3413 in
3219 3341 3360 3416 hoc

946 3434 1465 3513 matrimonium
1506 3429 1812 3509 incidiss‘e
1840 3482 1871 3519 ‚
1933 3436 2097 3507 cum
2143 3454 2386 3507 verear
2437 3454 2527 3506 ne
2587 3436 2661 3507 in
2711 3432 2946 3509 iisdem
3001 3436 3358 3514 erroribus

944 3530 1426 3617 obdormierit.
3330 3555 3344 3577 ¹

1040 3624 1451 3723 Nepotulos
1487 3643 1716 3699 antem
1747 3646 1939 3700 meos
1960 3676 1982 3713 ,
2033 3622 2085 3699 fi
2114 3625 2488 3723 impetrare
2518 3622 2776 3725 poss'em
2801 3681 2826 3720 ‚
2857 3618 2954 3705 'ut
2979 3628 3068 3705 ad
3094 3650 3218 3705 nos
3249 3628 3356 3715 reb}

941 3724 1253 3799 mitteret
1282 3774 1303 3807 ,
1350 3721 1623 3800 meliori
1650 3718 2040 3818 saniorique
2079 3721 2486 3811 institutioni
2525 3748 2766 3799 eorum
2786 3726 3040 3801 lubens
3073 3748 3364 3823 operam

942 3820 1201 3899 dai-em.
1252 3818 1439 3894 Haec
1476 3816 1575 3892 D.
1618 3816 1707 3890 V.
1752 3840 2146 3915 quanquam
2194 3839 2388 3916 aegro
2424 3821 2656 3895 animo
2683 3820 3189 3896 intelleEmram
3219 3846 3368 3901 non

848 4002 857 4009 ‚
935 3917 1261 3993 ‘dubitem
1300 3970 1324 4005 ‚
1376 3918 1594 3990 latere
1649 3936 1793 3989 non
1833 3916 2038 4011 ‘potui
2065 3964 2092 4003 ,
2139 3919 2468 4002 voluive‚
2515 3940 2598 3993 ut
2643 3914 2695 3989 fi
2733 3919 2902 4013 quid
2949 3920 3041 3993 ad
3087 3919 3372 4016 Regem

948 4016 1248 4087 delatum
1280 4012 1488 4087 fuerit
1507 4061 1528 4098 ,
1576 4034 1707 4083 nos
1746 4010 2073 4086 excusare
2105 4012 2344 4105 ponit,
2393 4032 2516 4087 aut
2553 4012 2604 4087 fi
2645 4015 2818 4111 quid
2849 4017 3153 4089 melioris
3191 4040 3364 4092 con-

945 4106 1075 4182 filii
1098 4130 1213 4183 aut
1243 4110 1531 4183 remedii
1570 4106 1821 4181 habeat
1844 4159 1866 4192 ,
1891 4106 2094 4182 nobis
2137 4110 2212 4191 id
2245 4110 2596 4205 impartiri
2623 4132 2768 4183 non
2788 4132 3146 4205 gravetur.
3169 4110 3364 4193 Bene

946 4208 1150 4291 vale,
1185 4202 1541 4299 Homine.
1572 4200 1769 4282 c.L.
1802 4202 2246 4303 Antverpiae.
2281 4224 2382 4282 xx.
2411 4204 2802 4311 Septembr-
2837 4224 2972 4293 οπο
3010 4228 3096 4285 12
3133 4228 3298 4285 Lxx.

2666 4316 2694 4344 l

3022 4319 3030 4325 '
3151 4302 3372 4385 EPI-
