3700 4884
861 387 1034 498 784
1103 365 1582 472 VIGLII
1633 392 1770 464 AB
1827 361 2357 464 AYTTA
2408 343 3145 464 zmcuum

867 569 946 646 δι
979 565 1314 643 haetenus
1356 583 1700 641 retentum
1737 558 1937 638 fuiss'e
1984 561 2367 660 intelligam
2384 615 2407 648 ‚
2456 582 2604 658 quo·
2646 559 2739 636 ab
2764 581 3067 660 utroque
3106 562 3285 640 Gu-

864 667 1233 742 bernatore
1284 659 1522 736 nostro
1567 663 1798 736 literas
1849 659 1991 734 una
2030 659 2119 734 ad
2156 657 2425 755 Regem
2462 653 2813 756 perferat3
2862 665 3087 734 tribus
3116 684 3275 736 ver·

871 763 981 836 bis
1019 760 1117 832 D.
1169 758 1262 832 V.
1309 757 1694 856 significare
1727 757 1975 845 volui,
2024 757 2115 829 de
2160 755 2391 828 Ducis
2439 757 2629 830 abitu
2678 757 2850 829 nihil
2882 758 3115 831 adhuc
3149 779 3293 833 nos

875 858 1048 948 certi
1080 857 1336 930 habere
1354 905 1376 942 ,
1425 876 1826 951 quanquam
1860 853 2179 948 plerique
2216 871 2357 925 non
2390 852 2513 924 diu
2540 849 2929 926 mansurum
2951 849 3292 946 afferunt,

879 976 962 1028 ac
1020 953 1286 1028 interea
1329 949 1782 1026 success'orem
1823 952 1913 1023 de
1962 949 2337 1044 praeteritis
2386 943 2777 1024 ustionibus
2826 947 3170 1060 rebusque
3208 977 3283 1026 a·

879 1051 1129 1148 gendis
1159 1045 1474 1132 instruit,
1509 1045 1628 1122 sed
1657 1067 1894 1120 aurem
1928 1047 2205 1118 alteram
2230 1065 2365 1141 pro
2392 1041 2513 1116 sua
2529 1047 2903 1139 prudentia
2926 1049 3073 1120 airis
3100 1071 3287 1145 prte-

879 1148 1190 1221 biturum
1225 1168 1386 1219 eum
1413 1139 1879 1218 existimamus
1902 1190 1925 1225 ‚
1972 1140 2091 1214 sed
2126 1163 2362 1215 tamen
2402 1141 2545 1214 dici
2582 1137 2752 1218 solet
2769 1166 2795 1228 3

981 1257 1134 1370 Quo
1163 1252 1362 1347 semel
1425 1252 1518 1349 eli
1565 1253 1813 1323 imbwa
1856 1271 2067 1324 recens
2102 1249 2399 1344 servabit
2446 1249 2683 1328 odorem

985 1349 1175 1445 :hsta
1219 1349 1354 1422 diu.

887 1457 1075 1534 Mihi
1119 1479 1346 1532 autem
1394 1455 1728 1530 valetudo
1777 1475 1924 1528 non
1968 1454 2351 1550 permittit,
2418 1473 2500 1528 ut
2550 1452 2823 1543 officia,
2871 1473 3031 1552 quae
3064 1453 3299 1530 libens

889 1553 1212 1654 praestare
1255 1553 1549 1634 vellem,
1601 1549 2003 1648 impendere
2039 1549 2104 1621 ei
2135 1549 2391 1646 poss'em
2416 1601 2438 1635 ,
2488 1573 2572 1625 ac
2608 1554 2823 1624 miror
2848 1549 3115 1646 Regem
3149 1572 3295 1625 tam

895 1650 1016 1726 diu
1043 1672 1174 1723 nos
1207 1650 1326 1722 hic
1349 1649 1743 1742 relinquere
1779 1647 2144 1720 destitutos
2181 1643 2505 1720 ministris
2534 1647 2917 1721 necess'ariis
2937 1699 2960 1730 ,
2986 1648 3143 1721 cum
3177 1671 3299 1721 ne·

897 1768 1020 1818 mo
1067 1744 1381 1818 Consilio
1429 1741 1668 1816 Status
1708 1739 1998 1836 superfit
2046 1761 2301 1838 praeter
2348 1739 2624 1818 Ducem
2660 1741 3089 1832 Arschotiae,
3136 1743 3313 1818 Bar-

899 1843 1448 1934 lemontiumque
1485 1887 1506 1921 ,
1571 1859 1654 1910 ac
1703 1861 1814 1910 me
1856 1860 1873 1910 t
1944 1837 2019 1911 δι
2084 1839 2253 1910 olim
2302 1839 2511 1934 longe
2564 1841 2847 1915 meliore
2900 1841 3303 1914 valetudine

899 1937 1202 2033 praedito
1223 1991 1245 2024 ,
1282 1935 1670 2008 Cardinalis
1703 1931 2269 2006 Grandvellanus
2290 1983 2313 2019 ,
2366 1957 2448 2008 ac
2484 1957 2622 2009 tres
2656 1937 2772 2008 alii
2800 1936 3093 2023 literati,
3125 1957 3305 2030 prae·

901 2057 1014 2108 ter
1045 2033 1418 2126 Procerep,
1471 2030 1608 2102 una
1651 2031 1722 2101 in
1771 2031 2086 2125 negociis
2125 2029 2499 2126 dirigendis
2542 2031 2825 2104 affistere
2853 2035 2926 2102 in
2978 2031 3315 2106 Concilio

905 2129 1143 2203 Status
1179 2127 1660 2202 Gubernatori
1699 2123 2012 2198 solerent.
2078 2125 2531 2221 Multumque
2563 2129 3012 2222 conqueritur
3048 2126 3306 2201 Ass‘on·

906 2225 1202 2312 willius,
1253 2226 1376 2322 qui
1419 2223 1742 2318 ’gnaviter
1781 2222 1983 2294 nobis
2025 2219 2399 2308 subservit,
2452 2226 2788 2299 honorem
2829 2224 2974 2317 ejus
3008 2225 3313 2334 dignita-

909 2323 1003 2396 tis
1039 2319 1365 2394 haEienus
1409 2322 1478 2391 ei
1521 2314 1718 2390 fuiffe
1759 2319 2179 2412 denegatum
2208 2365 2233 2404 ,
2284 2341 2509 2414 neque
2536 2320 2985 2396 honorarium
3024 2319 3311 2415 aliquod

911 2414 1112 2491 fuiss'e
1161 2411 1571 2492 concessum.
1685 2409 2169 2499 Quamobrem
2208 2463 2231 2499 ,
2295 2412 2531 2509 quaeso
2564 2463 2589 2498 ,
2662 2436 2744 2488 ut
2786 2415 3115 2512 adjuves,
3162 2416 3313 2514 quo

915 2512 1240 2608 Maiestas
1290 2511 1516 2604 Regia
1549 2508 1812 2602 aliquid
1860 2509 2139 2581 tandem
2192 2510 2481 2598 statuat,
2530 2533 2615 2586 ae
2658 2511 2835 2585 bene
2890 2515 3319 2585 merentibus

918 2609 1182 2703 aliquid
1217 2605 1786 2682 remunerationis
1812 2607 2221 2699 praemiique
2254 2608 2607 2702 largiatur.
2707 2607 2878 2680 Dux
2898 2627 3129 2680 autem
3163 2608 3321 2702 sup·

917 2706 1374 2800 plicationes,
1422 2703 1938 2794 multorumque
1986 2703 2313 2794 negotia,
2362 2704 2631 2776 dudum
2676 2707 2867 2800 apud
2894 2701 2962 2776 fe
2994 2703 3325 2778 sollicita-

917 2821 1036 2887 ta,
1087 2800 1178 2872 ad
1210 2794 1661 2872 success'orem
1713 2797 1990 2890 rejecit,
2038 2795 2156 2870 sed
2190 2799 2295 2868 illi
2338 2801 2411 2870 in
2456 2801 2567 2872 his
2604 2799 3153 2874 Gubernationis
3194 2801 3328 2872 ini·

921 2897 1039 2976 tiis
1082 2911 1330 2991 parum
1356 2894 1712 2966 intendere
1747 2913 1977 2964 vacat.
2078 2889 2175 2964 Et
2213 2891 2505 2966 fortaffis
2544 2893 2585 2968 ὲ
2624 2895 2833 2969 vobis
2882 2889 3137 2970 isthinc
3171 2919 3313 2969 am·

922 2993 1152 3088 pliora
1183 2991 1502 3064 mandata
1519 2984 1842 3084 expectat
1864 2985 2263 3083 priusquam
2284 2989 2404 3063 hic
2432 2992 2695 3088 aliquid
2728 2993 3083 3080 immutet,
3110 3013 3331 3088 quan·

979 3111 1148 3168 uam,
1179 3091 1335 3162 haec
1369 3107 1564 3160 mora
1590 3085 1820 3156 minus
1848 3105 2128 3178 gratum
2160 3087 2347 3180 apud
2381 3090 2727 3180 populum
2758 3087 2909 3181 ejus
2946 3089 3331 3161 adventum

965 3183 1124 3256 acit.
1225 3181 1637 3256 sollicitatio
1676 3183 1905 3254 nostra
1954 3180 2026 3250 in
2063 3183 2263 3253 causa
2302 3183 2740 3276 pecuniaria,
2787 3205 2873 3256 ac
2912 3189 3151 3279 generi
3188 3185 3328 3268 tui,

773 3303 788 3312 ·
933 3277 1268 3364 haetenus
1318 3279 1508 3372 apud
1561 3273 1834 3348 Ducem
1878 3324 1903 3362 ‚
1966 3275 2585 3372 Albernotiumque
2608 3329 2633 3368 ,
2681 3277 3105 3354 infruc‘tuosa
3162 3277 3341 3366 fuit,

933 3373 1234 3469 proinde
1273 3374 1408 3444 alia
1435 3374 1554 3444 via
1587 3369 2131 3465 ingrediundum
2169 3369 2300 3446 effe
2354 3397 2642 3465 vereor,
2670 3373 2766 3446 '&
2812 3373 3107 3448 fortassis
3152 3374 3341 3472 apud

938 3469 1600 3543 Commendatorem
1637 3467 1784 3562 ejus
1813 3463 2265 3542 success'orem
2304 3469 2525 3568 major
2559 3471 2782 3566 gratia
2816 3469 3157 3567 speranda
3188 3473 3341 3546 crit.

939 3564 1129 3638 Bene
1193 3566 1349 3637 vale
1383 3614 1407 3648 ,
1474 3561 1629 3638 CL.
1691 3560 1788 3634 D.
1839 3561 2291 3640 Homu
2372 3565 2449 3638 ὅτ.
2522 3567 2889 3662 conjugem
2954 3567 3354 3663 liberosque

941 3664 1234 3736 multum
1303 3658 1360 3732 ὲ
1423 3683 1535 3732 me
1597 3657 1808 3734 velim
1874 3655 2151 3735 salutes.
2274 3658 2643 3738 Bruxenae.
2716 3683 2837 3736 vr.
2906 3661 3344 3740 Decembris.

944 3779 1076 3834 010
1128 3777 1210 3833 ιο
1259 3775 1568 3834 mur.

3132 4271 3365 4364 EPI-
