<?xml version="1.0" encoding="UTF-8"?>
<!DOCTYPE html PUBLIC "-//W3C//DTD XHTML 1.0 Transitional//EN"
    "http://www.w3.org/TR/xhtml1/DTD/xhtml1-transitional.dtd">
<html xmlns="http://www.w3.org/1999/xhtml" xml:lang="en" lang="en">
 <head>
  <title>
</title>
<meta http-equiv="Content-Type" content="text/html;charset=utf-8" />
  <meta name='ocr-system' content='tesseract 3.04.00' />
  <meta name='ocr-capabilities' content='ocr_page ocr_carea ocr_par ocr_line ocrx_word'/>
</head>
<body>
  <div class='ocr_page' id='page_1' title='image "./vitavigliiabayt00unkngoog_0073.png"; bbox 0 0 3700 4884; ppageno 0'>
   <div class='ocr_carea' id='block_1_1' title="bbox 844 334 3196 479">
    <p class='ocr_par' dir='ltr' id='par_1_1' title="bbox 844 334 3196 479">
     <span class='ocr_line' id='line_1_1' title="bbox 844 334 3196 479; baseline -0.006 -19"><span class='ocrx_word' id='word_1_1' title='bbox 844 382 1016 479; x_wconf 83' lang='lat'>400</span> <span class='ocrx_word' id='word_1_2' title='bbox 1089 344 1573 459; x_wconf 85' lang='lat' dir='ltr'>VIGLII</span> <span class='ocrx_word' id='word_1_3' title='bbox 1625 376 1764 446; x_wconf 82' lang='lat' dir='ltr'>AB</span> <span class='ocrx_word' id='word_1_4' title='bbox 1819 334 2343 446; x_wconf 86' lang='lat' dir='ltr'>AYTTA</span> <span class='ocrx_word' id='word_1_5' title='bbox 2396 346 3196 448; x_wconf 89' lang='lat' dir='ltr'><strong>ZUICHEMI·</strong></span> 
     </span>
    </p>
   </div>
   <div class='ocr_carea' id='block_1_2' title="bbox 784 542 3308 4364">
    <p class='ocr_par' dir='ltr' id='par_1_2' title="bbox 847 542 3255 747">
     <span class='ocr_line' id='line_1_2' title="bbox 847 542 3255 648; baseline -0.001 -20"><span class='ocrx_word' id='word_1_6' title='bbox 847 550 1168 648; x_wconf 79' lang='lat' dir='ltr'>dicitur)</span> <span class='ocrx_word' id='word_1_7' title='bbox 1233 549 1438 625; x_wconf 88' lang='lat' dir='ltr'>alium</span> <span class='ocrx_word' id='word_1_8' title='bbox 1501 550 1571 622; x_wconf 87' lang='lat' dir='ltr'>in</span> <span class='ocrx_word' id='word_1_9' title='bbox 1630 547 1886 641; x_wconf 84' lang='lat' dir='ltr'>vagina</span> <span class='ocrx_word' id='word_1_10' title='bbox 1954 547 2332 622; x_wconf 82' lang='lat' dir='ltr'>contineat.</span> <span class='ocrx_word' id='word_1_11' title='bbox 2430 542 2667 627; x_wconf 85' lang='lat' dir='ltr'>Nobis</span> <span class='ocrx_word' id='word_1_12' title='bbox 2726 570 2966 623; x_wconf 83' lang='lat' dir='ltr'>autem</span> <span class='ocrx_word' id='word_1_13' title='bbox 3030 552 3255 627; x_wconf 83' lang='lat' dir='ltr'>unde·</span> 
     </span>
     <span class='ocr_line' id='line_1_3' title="bbox 847 640 3211 747; baseline 0 -24"><span class='ocrx_word' id='word_1_14' title='bbox 847 672 1129 747; x_wconf 83' lang='lat' dir='ltr'>quaque</span> <span class='ocrx_word' id='word_1_15' title='bbox 1173 650 1383 723; x_wconf 79' lang='lat' dir='ltr'>variae</span> <span class='ocrx_word' id='word_1_16' title='bbox 1431 644 1844 720; x_wconf 84' lang='lat' dir='ltr'>adferuntur</span> <span class='ocrx_word' id='word_1_17' title='bbox 1892 646 2143 731; x_wconf 80' lang='lat' dir='ltr'>minae3</span> <span class='ocrx_word' id='word_1_18' title='bbox 2190 640 2310 721; x_wconf 88' lang='lat' dir='ltr'>sed</span> <span class='ocrx_word' id='word_1_19' title='bbox 2357 666 2539 720; x_wconf 86' lang='lat' dir='ltr'>vana</span> <span class='ocrx_word' id='word_1_20' title='bbox 2586 643 2727 719; x_wconf 89' lang='lat' dir='ltr'>fine</span> <span class='ocrx_word' id='word_1_21' title='bbox 2774 648 3043 721; x_wconf 83' lang='lat' dir='ltr'>viribus</span> <span class='ocrx_word' id='word_1_22' title='bbox 3086 646 3211 723; x_wconf 88' lang='lat' dir='ltr'>ira.</span> 
     </span>
    </p>

    <p class='ocr_par' dir='ltr' id='par_1_3' title="bbox 835 728 3308 2957">
     <span class='ocr_line' id='line_1_4' title="bbox 858 728 3261 842; baseline 0.001 -25"><span class='ocrx_word' id='word_1_23' title='bbox 858 747 865 752; x_wconf 80' lang='grc'><strong>’</strong></span> <span class='ocrx_word' id='word_1_24' title='bbox 944 743 1438 842; x_wconf 80' lang='lat' dir='ltr'>Egmondanus</span> <span class='ocrx_word' id='word_1_25' title='bbox 1471 794 1492 830; x_wconf 88' lang='lat'>‚</span> <span class='ocrx_word' id='word_1_26' title='bbox 1559 738 2091 835; x_wconf 87' lang='lat' dir='ltr'>Hornenfisque</span> <span class='ocrx_word' id='word_1_27' title='bbox 2116 786 2137 826; x_wconf 83' lang='lat'><strong>,</strong></span> <span class='ocrx_word' id='word_1_28' title='bbox 2190 728 2719 816; x_wconf 81' lang='lat' dir='ltr'>d&#39;eclinatoriam</span> <span class='ocrx_word' id='word_1_29' title='bbox 2770 746 3261 841; x_wconf 78' lang='lat' dir='ltr'>exceptionem</span> 
     </span>
     <span class='ocr_line' id='line_1_5' title="bbox 849 831 3308 940; baseline 0 -23"><span class='ocrx_word' id='word_1_30' title='bbox 849 831 1014 917; x_wconf 72' lang='lat' dir='ltr'>cum</span> <span class='ocrx_word' id='word_1_31' title='bbox 1060 842 1299 915; x_wconf 85' lang='lat' dir='ltr'>vident</span> <span class='ocrx_word' id='word_1_32' title='bbox 1335 861 1480 913; x_wconf 85' lang='lat' dir='ltr'>non</span> <span class='ocrx_word' id='word_1_33' title='bbox 1508 836 1859 935; x_wconf 85' lang='lat' dir='ltr'>proficere</span> <span class='ocrx_word' id='word_1_34' title='bbox 1878 888 1901 924; x_wconf 89' lang='lat'><strong>,</strong></span> <span class='ocrx_word' id='word_1_35' title='bbox 1950 838 2041 911; x_wconf 87' lang='lat' dir='ltr'>ad</span> <span class='ocrx_word' id='word_1_36' title='bbox 2092 836 2231 909; x_wconf 86' lang='lat' dir='ltr'>alia</span> <span class='ocrx_word' id='word_1_37' title='bbox 2263 835 2679 933; x_wconf 88' lang='lat' dir='ltr'>confugiunt</span> <span class='ocrx_word' id='word_1_38' title='bbox 2710 841 3017 913; x_wconf 82' lang='lat' dir='ltr'>remedia</span> <span class='ocrx_word' id='word_1_39' title='bbox 3041 898 3063 931; x_wconf 84' lang='lat'>‚</span> <span class='ocrx_word' id='word_1_40' title='bbox 3110 838 3263 940; x_wconf 84' lang='lat' dir='ltr'>Eg·</span> <span class='ocrx_word' id='word_1_41' title='bbox 3284 908 3308 917; x_wconf 83' lang='grc'><strong><em>,</em></strong></span> 
     </span>
     <span class='ocr_line' id='line_1_6' title="bbox 846 931 3263 1033; baseline 0 -22"><span class='ocrx_word' id='word_1_42' title='bbox 846 937 1314 1033; x_wconf 82' lang='lat' dir='ltr'>mundanique</span> <span class='ocrx_word' id='word_1_43' title='bbox 1359 938 1662 1031; x_wconf 81' lang='lat' dir='ltr'>conjunx</span> <span class='ocrx_word' id='word_1_44' title='bbox 1701 931 2279 1030; x_wconf 83' lang='lat' dir='ltr'>supplicationem</span> <span class='ocrx_word' id='word_1_45' title='bbox 2334 932 2652 1009; x_wconf 83' lang='lat' dir='ltr'>Confilio</span> <span class='ocrx_word' id='word_1_46' title='bbox 2690 934 3085 1011; x_wconf 84' lang='lat' dir='ltr'>Brabantiae</span> <span class='ocrx_word' id='word_1_47' title='bbox 3142 960 3263 1011; x_wconf 79' lang='lat' dir='ltr'>ex·</span> 
     </span>
     <span class='ocr_line' id='line_1_7' title="bbox 845 1029 3263 1129; baseline -0 -21"><span class='ocrx_word' id='word_1_48' title='bbox 845 1033 1115 1120; x_wconf 82' lang='lat' dir='ltr'>hibuit,</span> <span class='ocrx_word' id='word_1_49' title='bbox 1167 1056 1308 1129; x_wconf 87' lang='lat' dir='ltr'>qua</span> <span class='ocrx_word' id='word_1_50' title='bbox 1351 1032 1642 1126; x_wconf 84' lang='lat' dir='ltr'>requirit</span> <span class='ocrx_word' id='word_1_51' title='bbox 1673 1083 1694 1118; x_wconf 91' lang='lat'>,</span> <span class='ocrx_word' id='word_1_52' title='bbox 1743 1052 1832 1103; x_wconf 90' lang='lat' dir='ltr'>ne</span> <span class='ocrx_word' id='word_1_53' title='bbox 1884 1029 2219 1106; x_wconf 86' lang='lat' dir='ltr'>Brabanti</span> <span class='ocrx_word' id='word_1_54' title='bbox 2251 1030 2627 1127; x_wconf 77' lang='lat' dir='ltr'>privilegia</span> <span class='ocrx_word' id='word_1_55' title='bbox 2662 1031 2737 1105; x_wconf 90' lang='lat' dir='ltr'>in</span> <span class='ocrx_word' id='word_1_56' title='bbox 2776 1054 2864 1111; x_wconf 89' lang='lat' dir='ltr'>eo</span> <span class='ocrx_word' id='word_1_57' title='bbox 2895 1033 3148 1109; x_wconf 86' lang='lat' dir='ltr'>violari</span> <span class='ocrx_word' id='word_1_58' title='bbox 3180 1031 3263 1107; x_wconf 80' lang='lat' dir='ltr'>fi-</span> 
     </span>
     <span class='ocr_line' id='line_1_8' title="bbox 843 1124 3272 1229; baseline 0 -26"><span class='ocrx_word' id='word_1_59' title='bbox 843 1152 1054 1222; x_wconf 86' lang='lat' dir='ltr'>nant;</span> <span class='ocrx_word' id='word_1_60' title='bbox 1104 1152 1324 1227; x_wconf 84' lang='lat' dir='ltr'>eaque</span> <span class='ocrx_word' id='word_1_61' title='bbox 1369 1130 1467 1229; x_wconf 68' lang='lat' dir='ltr'>ita</span> <span class='ocrx_word' id='word_1_62' title='bbox 1503 1128 1602 1202; x_wconf 89' lang='lat' dir='ltr'>est</span> <span class='ocrx_word' id='word_1_63' title='bbox 1641 1128 1817 1201; x_wconf 82' lang='lat' dir='ltr'>acris</span> <span class='ocrx_word' id='word_1_64' title='bbox 1839 1176 1865 1215; x_wconf 91' lang='lat'>,</span> <span class='ocrx_word' id='word_1_65' title='bbox 1915 1144 1997 1199; x_wconf 86' lang='lat' dir='ltr'>ut</span> <span class='ocrx_word' id='word_1_66' title='bbox 2052 1124 2329 1201; x_wconf 87' lang='lat' dir='ltr'>Ducem</span> <span class='ocrx_word' id='word_1_67' title='bbox 2378 1128 2811 1223; x_wconf 82' lang='lat' dir='ltr'>aliquantum</span> <span class='ocrx_word' id='word_1_68' title='bbox 2858 1150 3272 1205; x_wconf 85' lang='lat' dir='ltr'>commove·</span> 
     </span>
     <span class='ocr_line' id='line_1_9' title="bbox 841 1221 3259 1323; baseline -0 -22"><span class='ocrx_word' id='word_1_69' title='bbox 841 1230 973 1313; x_wconf 84' lang='lat' dir='ltr'>rit,</span> <span class='ocrx_word' id='word_1_70' title='bbox 1007 1232 1348 1323; x_wconf 73' lang='lat' dir='ltr'>‘aegreque</span> <span class='ocrx_word' id='word_1_71' title='bbox 1393 1222 1672 1310; x_wconf 89' lang='lat' dir='ltr'>tulerit,</span> <span class='ocrx_word' id='word_1_72' title='bbox 1720 1221 1953 1318; x_wconf 82' lang='lat' dir='ltr'>regios</span> <span class='ocrx_word' id='word_1_73' title='bbox 2002 1224 2075 1297; x_wconf 90' lang='lat' dir='ltr'>in</span> <span class='ocrx_word' id='word_1_74' title='bbox 2106 1246 2193 1299; x_wconf 92' lang='lat' dir='ltr'>eo</span> <span class='ocrx_word' id='word_1_75' title='bbox 2242 1222 2561 1311; x_wconf 83' lang='lat' dir='ltr'>Confilio</span> <span class='ocrx_word' id='word_1_76' title='bbox 2614 1223 2963 1301; x_wconf 79' lang='lat' dir='ltr'>ministros</span> <span class='ocrx_word' id='word_1_77' title='bbox 3008 1228 3259 1301; x_wconf 88' lang='lat' dir='ltr'>autho-</span> 
     </span>
     <span class='ocr_line' id='line_1_10' title="bbox 843 1317 3266 1419; baseline -0.001 -21"><span class='ocrx_word' id='word_1_78' title='bbox 843 1324 1124 1399; x_wconf 83' lang='lat' dir='ltr'>ritatem</span> <span class='ocrx_word' id='word_1_79' title='bbox 1157 1319 1296 1395; x_wconf 80' lang='lat' dir='ltr'>suae</span> <span class='ocrx_word' id='word_1_80' title='bbox 1333 1317 1718 1417; x_wconf 77' lang='lat' dir='ltr'>Majestatis</span> <span class='ocrx_word' id='word_1_81' title='bbox 1756 1340 1903 1393; x_wconf 89' lang='lat' dir='ltr'>non</span> <span class='ocrx_word' id='word_1_82' title='bbox 1946 1323 2107 1417; x_wconf 87' lang='lat' dir='ltr'>plus</span> <span class='ocrx_word' id='word_1_83' title='bbox 2164 1320 2365 1397; x_wconf 88' lang='lat' dir='ltr'>cordi</span> <span class='ocrx_word' id='word_1_84' title='bbox 2418 1320 2677 1395; x_wconf 83' lang='lat' dir='ltr'>habere</span> <span class='ocrx_word' id='word_1_85' title='bbox 2703 1373 2728 1409; x_wconf 90' lang='lat'><strong>,</strong></span> <span class='ocrx_word' id='word_1_86' title='bbox 2776 1324 3146 1419; x_wconf 84' lang='lat' dir='ltr'>voluitque</span> <span class='ocrx_word' id='word_1_87' title='bbox 3182 1341 3266 1397; x_wconf 84' lang='lat' dir='ltr'>ut</span> 
     </span>
     <span class='ocr_line' id='line_1_11' title="bbox 843 1414 3295 1515; baseline 0.002 -24"><span class='ocrx_word' id='word_1_88' title='bbox 843 1422 1166 1493; x_wconf 84' lang='lat' dir='ltr'>mandata</span> <span class='ocrx_word' id='word_1_89' title='bbox 1189 1472 1207 1505; x_wconf 87' lang='lat'>‚</span> <span class='ocrx_word' id='word_1_90' title='bbox 1259 1439 1418 1515; x_wconf 77' lang='lat' dir='ltr'>quae</span> <span class='ocrx_word' id='word_1_91' title='bbox 1463 1420 1534 1491; x_wconf 90' lang='lat' dir='ltr'>in</span> <span class='ocrx_word' id='word_1_92' title='bbox 1578 1415 2001 1512; x_wconf 75' lang='lat' dir='ltr'>proceffibus</span> <span class='ocrx_word' id='word_1_93' title='bbox 2047 1418 2357 1491; x_wconf 76' lang='lat' dir='ltr'>criminis</span> <span class='ocrx_word' id='word_1_94' title='bbox 2390 1414 2576 1491; x_wconf 81' lang='lat' dir='ltr'>laesae</span> <span class='ocrx_word' id='word_1_95' title='bbox 2605 1415 2991 1515; x_wconf 78' lang='lat' dir='ltr'>Majestatis</span> <span class='ocrx_word' id='word_1_96' title='bbox 3028 1420 3295 1503; x_wconf 54' lang='lat' dir='ltr'>decen</span> 
     </span>
     <span class='ocr_line' id='line_1_12' title="bbox 842 1510 3261 1611; baseline 0.001 -22"><span class='ocrx_word' id='word_1_97' title='bbox 842 1536 1108 1589; x_wconf 85' lang='lat' dir='ltr'>nuntur</span> <span class='ocrx_word' id='word_1_98' title='bbox 1132 1536 1381 1593; x_wconf 89' lang='lat' dir='ltr'>contra</span> <span class='ocrx_word' id='word_1_99' title='bbox 1411 1512 1904 1602; x_wconf 76' lang='lat' dir='ltr'>ssrabantinos,</span> <span class='ocrx_word' id='word_1_100' title='bbox 1944 1510 2172 1609; x_wconf 87' lang='lat' dir='ltr'>figillo</span> <span class='ocrx_word' id='word_1_101' title='bbox 2201 1512 2447 1587; x_wconf 84' lang='lat' dir='ltr'>Curiae</span> <span class='ocrx_word' id='word_1_102' title='bbox 2490 1513 2684 1611; x_wconf 80' lang='lat' dir='ltr'>cujus</span> <span class='ocrx_word' id='word_1_103' title='bbox 2734 1514 3043 1589; x_wconf 88' lang='lat' dir='ltr'>custodia</span> <span class='ocrx_word' id='word_1_104' title='bbox 3086 1516 3261 1591; x_wconf 82' lang='lat' dir='ltr'>mihi</span> 
     </span>
     <span class='ocr_line' id='line_1_13' title="bbox 840 1606 3273 1713; baseline 0.002 -29"><span class='ocrx_word' id='word_1_105' title='bbox 840 1614 1162 1687; x_wconf 84' lang='lat' dir='ltr'>mandata</span> <span class='ocrx_word' id='word_1_106' title='bbox 1197 1608 1334 1700; x_wconf 88' lang='lat' dir='ltr'>est,</span> <span class='ocrx_word' id='word_1_107' title='bbox 1359 1608 1557 1707; x_wconf 87' lang='lat'><em>(18)</em></span> <span class='ocrx_word' id='word_1_108' title='bbox 1594 1610 2119 1713; x_wconf 58' lang='lat' dir='ltr'>communicem.</span> <span class='ocrx_word' id='word_1_109' title='bbox 2168 1609 2354 1686; x_wconf 88' lang='lat' dir='ltr'>Cum</span> <span class='ocrx_word' id='word_1_110' title='bbox 2396 1630 2629 1684; x_wconf 89' lang='lat' dir='ltr'>autem</span> <span class='ocrx_word' id='word_1_111' title='bbox 2658 1632 2739 1683; x_wconf 84' lang='lat' dir='ltr'>ea</span> <span class='ocrx_word' id='word_1_112' title='bbox 2773 1606 3158 1706; x_wconf 70' lang='lat' dir='ltr'>anegaffm</span> <span class='ocrx_word' id='word_1_113' title='bbox 3194 1614 3273 1689; x_wconf 81' lang='lat' dir='ltr'>in</span> 
     </span>
     <span class='ocr_line' id='line_1_14' title="bbox 841 1702 3261 1805; baseline 0.001 -26"><span class='ocrx_word' id='word_1_114' title='bbox 841 1706 1205 1805; x_wconf 68' lang='lat' dir='ltr'>praesentia</span> <span class='ocrx_word' id='word_1_115' title='bbox 1251 1710 1680 1801; x_wconf 86' lang='lat' dir='ltr'>collegarum</span> <span class='ocrx_word' id='word_1_116' title='bbox 1732 1727 2088 1790; x_wconf 88' lang='lat' dir='ltr'>meorum,</span> <span class='ocrx_word' id='word_1_117' title='bbox 2138 1728 2275 1803; x_wconf 91' lang='lat' dir='ltr'>que</span> <span class='ocrx_word' id='word_1_118' title='bbox 2314 1702 2583 1780; x_wconf 86' lang='lat' dir='ltr'>obstare</span> <span class='ocrx_word' id='word_1_119' title='bbox 2628 1705 3083 1793; x_wconf 84' lang='lat' dir='ltr'>videbantur,</span> <span class='ocrx_word' id='word_1_120' title='bbox 3134 1730 3261 1782; x_wconf 88' lang='lat' dir='ltr'>no-</span> 
     </span>
     <span class='ocr_line' id='line_1_15' title="bbox 839 1800 3263 1901; baseline 0 -23"><span class='ocrx_word' id='word_1_121' title='bbox 839 1806 944 1878; x_wconf 86' lang='lat' dir='ltr'>lui</span> <span class='ocrx_word' id='word_1_122' title='bbox 979 1806 1104 1879; x_wconf 86' lang='lat' dir='ltr'>illo</span> <span class='ocrx_word' id='word_1_123' title='bbox 1137 1804 1434 1877; x_wconf 85' lang='lat' dir='ltr'>instante</span> <span class='ocrx_word' id='word_1_124' title='bbox 1477 1802 1844 1899; x_wconf 84' lang='lat' dir='ltr'>refragari,</span> <span class='ocrx_word' id='word_1_125' title='bbox 1896 1800 2061 1877; x_wconf 75' lang='lat' dir='ltr'>cum</span> <span class='ocrx_word' id='word_1_126' title='bbox 2092 1804 2163 1873; x_wconf 89' lang='lat' dir='ltr'>in</span> <span class='ocrx_word' id='word_1_127' title='bbox 2204 1803 2335 1889; x_wconf 86' lang='lat' dir='ltr'>iis,</span> <span class='ocrx_word' id='word_1_128' title='bbox 2386 1824 2547 1898; x_wconf 85' lang='lat' dir='ltr'>quae</span> <span class='ocrx_word' id='word_1_129' title='bbox 2598 1804 2859 1877; x_wconf 78' lang='lat' dir='ltr'>crimen</span> <span class='ocrx_word' id='word_1_130' title='bbox 2892 1803 3073 1876; x_wconf 84' lang='lat' dir='ltr'>laesae</span> <span class='ocrx_word' id='word_1_131' title='bbox 3100 1805 3263 1901; x_wconf 84' lang='lat' dir='ltr'>Ma·</span> 
     </span>
     <span class='ocr_line' id='line_1_16' title="bbox 835 1896 3258 1997; baseline 0.001 -25"><span class='ocrx_word' id='word_1_132' title='bbox 835 1898 1102 1997; x_wconf 82' lang='lat' dir='ltr'>jestatis</span> <span class='ocrx_word' id='word_1_133' title='bbox 1133 1921 1603 1985; x_wconf 76' lang='lat' dir='ltr'>concernunt,</span> <span class='ocrx_word' id='word_1_134' title='bbox 1659 1898 1889 1971; x_wconf 89' lang='lat' dir='ltr'>omnia</span> <span class='ocrx_word' id='word_1_135' title='bbox 1941 1900 2309 1993; x_wconf 79' lang='lat' dir='ltr'>privilegia</span> <span class='ocrx_word' id='word_1_136' title='bbox 2346 1896 2601 1973; x_wconf 82' lang='lat' dir='ltr'>cessare</span> <span class='ocrx_word' id='word_1_137' title='bbox 2634 1896 2952 1988; x_wconf 81' lang='lat' dir='ltr'>censeat3</span> <span class='ocrx_word' id='word_1_138' title='bbox 3001 1900 3258 1977; x_wconf 73' lang='lat' dir='ltr'>verum</span> 
     </span>
     <span class='ocr_line' id='line_1_17' title="bbox 845 1993 3249 2090; baseline -0.002 -21"><span class='ocrx_word' id='word_1_139' title='bbox 845 1994 1080 2071; x_wconf 88' lang='lat' dir='ltr'>nescio</span> <span class='ocrx_word' id='word_1_140' title='bbox 1114 2002 1212 2071; x_wconf 78' lang='lat' dir='ltr'>‘an</span> <span class='ocrx_word' id='word_1_141' title='bbox 1259 1994 1444 2069; x_wconf 89' lang='lat' dir='ltr'>idem</span> <span class='ocrx_word' id='word_1_142' title='bbox 1473 1993 1916 2069; x_wconf 84' lang='lat' dir='ltr'>Brabantinis</span> <span class='ocrx_word' id='word_1_143' title='bbox 1957 1994 2089 2068; x_wconf 88' lang='lat' dir='ltr'>erit</span> <span class='ocrx_word' id='word_1_144' title='bbox 2127 1994 2494 2090; x_wconf 85' lang='lat' dir='ltr'>judicium.</span> <span class='ocrx_word' id='word_1_145' title='bbox 3241 2032 3249 2039; x_wconf 90' lang='lat'><strong>·</strong></span> 
     </span>
     <span class='ocr_line' id='line_1_18' title="bbox 845 2087 3263 2187; baseline 0.001 -22"><span class='ocrx_word' id='word_1_146' title='bbox 845 2112 1062 2165; x_wconf 71' lang='lat' dir='ltr'>xxm.</span> <span class='ocrx_word' id='word_1_147' title='bbox 1114 2093 1459 2187; x_wconf 77' lang='lat' dir='ltr'>praeteriti</span> <span class='ocrx_word' id='word_1_148' title='bbox 1494 2087 1738 2165; x_wconf 78' lang='lat' dir='ltr'>mensis</span> <span class='ocrx_word' id='word_1_149' title='bbox 1780 2088 1900 2163; x_wconf 87' lang='lat' dir='ltr'>die</span> <span class='ocrx_word' id='word_1_150' title='bbox 1935 2091 2288 2187; x_wconf 81' lang='lat' dir='ltr'>publicata</span> <span class='ocrx_word' id='word_1_151' title='bbox 2339 2088 2493 2164; x_wconf 90' lang='lat' dir='ltr'>sunt</span> <span class='ocrx_word' id='word_1_152' title='bbox 2548 2091 2669 2165; x_wconf 83' lang='lat' dir='ltr'>hic</span> <span class='ocrx_word' id='word_1_153' title='bbox 2711 2088 2968 2167; x_wconf 59' lang='lat' dir='ltr'>Edicta</span> <span class='ocrx_word' id='word_1_154' title='bbox 3016 2094 3263 2169; x_wconf 81' lang='lat' dir='ltr'>adver-</span> 
     </span>
     <span class='ocr_line' id='line_1_19' title="bbox 844 2184 3261 2276; baseline 0.002 -16"><span class='ocrx_word' id='word_1_155' title='bbox 844 2185 958 2261; x_wconf 85' lang='lat' dir='ltr'>sus</span> <span class='ocrx_word' id='word_1_156' title='bbox 1004 2186 1529 2276; x_wconf 82' lang='lat' dir='ltr'>Auraicensem,</span> <span class='ocrx_word' id='word_1_157' title='bbox 1581 2186 2040 2265; x_wconf 83' lang='lat' dir='ltr'>Ludovicum·</span> <span class='ocrx_word' id='word_1_158' title='bbox 2068 2184 2357 2263; x_wconf 84' lang='lat' dir='ltr'>fratrem</span> <span class='ocrx_word' id='word_1_159' title='bbox 2392 2238 2442 2275; x_wconf 91' lang='lat'>,.</span> <span class='ocrx_word' id='word_1_160' title='bbox 2466 2185 2977 2263; x_wconf 84' lang='lat' dir='ltr'>Brcderodium</span> <span class='ocrx_word' id='word_1_161' title='bbox 3002 2244 3024 2275; x_wconf 87' lang='lat'><strong>‚</strong></span> <span class='ocrx_word' id='word_1_162' title='bbox 3086 2188 3261 2265; x_wconf 86' lang='lat' dir='ltr'>Ber·</span> 
     </span>
     <span class='ocr_line' id='line_1_20' title="bbox 845 2280 3259 2381; baseline 0 -24"><span class='ocrx_word' id='word_1_163' title='bbox 845 2281 1118 2379; x_wconf 84' lang='lat' dir='ltr'>gensem</span> <span class='ocrx_word' id='word_1_164' title='bbox 1156 2335 1180 2368; x_wconf 88' lang='lat'>,</span> <span class='ocrx_word' id='word_1_165' title='bbox 1232 2280 1826 2359; x_wconf 87' lang='lat' dir='ltr'>Hochstratanum</span> <span class='ocrx_word' id='word_1_166' title='bbox 1874 2280 1949 2355; x_wconf 89' lang='lat'>&amp;</span> <span class='ocrx_word' id='word_1_167' title='bbox 2004 2280 2579 2381; x_wconf 87' lang='lat' dir='ltr'>Culenburgium.</span> <span class='ocrx_word' id='word_1_168' title='bbox 2680 2282 2967 2360; x_wconf 77' lang='lat' dir='ltr'>Betzius</span> <span class='ocrx_word' id='word_1_169' title='bbox 3012 2286 3259 2361; x_wconf 88' lang='lat' dir='ltr'>itidem</span> 
     </span>
     <span class='ocr_line' id='line_1_21' title="bbox 843 2375 3261 2479; baseline -0 -23"><span class='ocrx_word' id='word_1_170' title='bbox 843 2382 1100 2456; x_wconf 81' lang='lat' dir='ltr'>citatus</span> <span class='ocrx_word' id='word_1_171' title='bbox 1119 2432 1141 2467; x_wconf 91' lang='lat'>,</span> <span class='ocrx_word' id='word_1_172' title='bbox 1192 2383 1282 2454; x_wconf 90' lang='lat' dir='ltr'>ad</span> <span class='ocrx_word' id='word_1_173' title='bbox 1346 2378 1616 2475; x_wconf 84' lang='lat' dir='ltr'>Regem</span> <span class='ocrx_word' id='word_1_174' title='bbox 1668 2378 2045 2477; x_wconf 80' lang='lat' dir='ltr'>appellass&#39;e</span> <span class='ocrx_word' id='word_1_175' title='bbox 2082 2380 2335 2455; x_wconf 87' lang='lat' dir='ltr'>dicitur</span> <span class='ocrx_word' id='word_1_176' title='bbox 2355 2430 2379 2464; x_wconf 85' lang='lat'><em>,</em></span> <span class='ocrx_word' id='word_1_177' title='bbox 2426 2375 2540 2457; x_wconf 88' lang='lat' dir='ltr'>sed</span> <span class='ocrx_word' id='word_1_178' title='bbox 2584 2400 2747 2453; x_wconf 84' lang='lat' dir='ltr'>non·</span> <span class='ocrx_word' id='word_1_179' title='bbox 2776 2401 2955 2479; x_wconf 88' lang='lat' dir='ltr'>puto</span> <span class='ocrx_word' id='word_1_180' title='bbox 2988 2404 3147 2459; x_wconf 89' lang='lat' dir='ltr'>eum</span> <span class='ocrx_word' id='word_1_181' title='bbox 3184 2383 3261 2455; x_wconf 86' lang='lat' dir='ltr'>in</span> 
     </span>
     <span class='ocr_line' id='line_1_22' title="bbox 843 2470 3255 2573; baseline 0.001 -24"><span class='ocrx_word' id='word_1_182' title='bbox 843 2470 1260 2571; x_wconf 73' lang='lat' dir='ltr'>Hispaniam</span> <span class='ocrx_word' id='word_1_183' title='bbox 1296 2496 1706 2563; x_wconf 83' lang='lat' dir='ltr'>venturum,</span> <span class='ocrx_word' id='word_1_184' title='bbox 1767 2496 1844 2549; x_wconf 89' lang='lat' dir='ltr'>ut</span> <span class='ocrx_word' id='word_1_185' title='bbox 1866 2476 2403 2573; x_wconf 64' lang='lat' dir='ltr'>appellationis,</span> <span class='ocrx_word' id='word_1_186' title='bbox 2453 2475 3033 2573; x_wconf 85' lang='lat' dir='ltr'>inhibitionisque</span> <span class='ocrx_word' id='word_1_187' title='bbox 3066 2502 3255 2551; x_wconf 85' lang='lat' dir='ltr'>man·</span> 
     </span>
     <span class='ocr_line' id='line_1_23' title="bbox 847 2566 3258 2669; baseline 0.002 -24"><span class='ocrx_word' id='word_1_188' title='bbox 847 2573 1012 2645; x_wconf 85' lang='lat' dir='ltr'>data</span> <span class='ocrx_word' id='word_1_189' title='bbox 1048 2570 1150 2643; x_wconf 87' lang='lat' dir='ltr'>ibi</span> <span class='ocrx_word' id='word_1_190' title='bbox 1195 2572 1481 2645; x_wconf 87' lang='lat' dir='ltr'>relevet.</span> <span class='ocrx_word' id='word_1_191' title='bbox 1581 2568 1789 2643; x_wconf 85' lang='lat' dir='ltr'>Plura</span> <span class='ocrx_word' id='word_1_192' title='bbox 1841 2591 2073 2645; x_wconf 87' lang='lat' dir='ltr'>autem</span> <span class='ocrx_word' id='word_1_193' title='bbox 2108 2570 2199 2643; x_wconf 89' lang='lat' dir='ltr'>ad</span> <span class='ocrx_word' id='word_1_194' title='bbox 2236 2590 2306 2645; x_wconf 86' lang='lat' dir='ltr'>te</span> <span class='ocrx_word' id='word_1_195' title='bbox 2342 2566 2709 2647; x_wconf 79' lang='lat' dir='ltr'>scriberem</span> <span class='ocrx_word' id='word_1_196' title='bbox 2758 2579 2847 2649; x_wconf 91' lang='lat' dir='ltr'>de</span> <span class='ocrx_word' id='word_1_197' title='bbox 2902 2576 3051 2658; x_wconf 82' lang='lat' dir='ltr'>his,</span> <span class='ocrx_word' id='word_1_198' title='bbox 3101 2597 3258 2669; x_wconf 80' lang='lat' dir='ltr'>quae</span> 
     </span>
     <span class='ocr_line' id='line_1_24' title="bbox 846 2649 3251 2769; baseline 0.001 -29"><span class='ocrx_word' id='word_1_199' title='bbox 846 2649 971 2740; x_wconf 69' lang='lat' dir='ltr'>hic</span> <span class='ocrx_word' id='word_1_200' title='bbox 1024 2688 1402 2763; x_wconf 87' lang='lat' dir='ltr'>geruntur,</span> <span class='ocrx_word' id='word_1_201' title='bbox 1467 2664 1712 2739; x_wconf 70' lang='lat' dir='ltr'>verum</span> <span class='ocrx_word' id='word_1_202' title='bbox 1761 2685 1941 2761; x_wconf 91' lang='lat' dir='ltr'>puto</span> <span class='ocrx_word' id='word_1_203' title='bbox 1986 2669 2219 2741; x_wconf 88' lang='lat' dir='ltr'>omnia</span> <span class='ocrx_word' id='word_1_204' title='bbox 2282 2667 2565 2762; x_wconf 83' lang='lat' dir='ltr'>copiose</span> <span class='ocrx_word' id='word_1_205' title='bbox 2620 2690 2749 2763; x_wconf 80' lang='lat' dir='ltr'>pet</span> <span class='ocrx_word' id='word_1_206' title='bbox 2808 2668 2915 2769; x_wconf 76' lang='lat' dir='ltr'>Ill.</span> <span class='ocrx_word' id='word_1_207' title='bbox 2966 2668 3251 2745; x_wconf 84' lang='lat' dir='ltr'>Ducem</span> 
     </span>
     <span class='ocr_line' id='line_1_25' title="bbox 847 2760 3249 2862; baseline 0 -23"><span class='ocrx_word' id='word_1_208' title='bbox 847 2762 1040 2859; x_wconf 86' lang='lat' dir='ltr'>Regi</span> <span class='ocrx_word' id='word_1_209' title='bbox 1070 2760 1441 2858; x_wconf 72' lang='lat' dir='ltr'>significari</span> <span class='ocrx_word' id='word_1_210' title='bbox 1462 2812 1482 2847; x_wconf 91' lang='lat'>,</span> <span class='ocrx_word' id='word_1_211' title='bbox 1528 2760 1694 2835; x_wconf 68' lang='lat' dir='ltr'>cum</span> <span class='ocrx_word' id='word_1_212' title='bbox 1723 2763 2289 2837; x_wconf 87' lang='lat' dir='ltr'>Courtewillium</span> <span class='ocrx_word' id='word_1_213' title='bbox 2310 2812 2331 2847; x_wconf 85' lang='grc'><strong>.</strong></span> <span class='ocrx_word' id='word_1_214' title='bbox 2376 2766 2545 2839; x_wconf 87' lang='lat' dir='ltr'>licet</span> <span class='ocrx_word' id='word_1_215' title='bbox 2574 2766 2877 2859; x_wconf 84' lang='lat' dir='ltr'>pedibus</span> <span class='ocrx_word' id='word_1_216' title='bbox 2934 2786 3197 2862; x_wconf 81' lang='lat' dir='ltr'>aegrum</span> <span class='ocrx_word' id='word_1_217' title='bbox 3222 2816 3249 2853; x_wconf 91' lang='lat'>‚</span> 
     </span>
     <span class='ocr_line' id='line_1_26' title="bbox 853 2856 2514 2957; baseline -0.001 -24"><span class='ocrx_word' id='word_1_218' title='bbox 853 2862 1206 2957; x_wconf 81' lang='lat' dir='ltr'>perpetuo</span> <span class='ocrx_word' id='word_1_219' title='bbox 1243 2861 1318 2932; x_wconf 91' lang='lat' dir='ltr'>in</span> <span class='ocrx_word' id='word_1_220' title='bbox 1355 2856 1722 2931; x_wconf 86' lang='lat' dir='ltr'>scribendo</span> <span class='ocrx_word' id='word_1_221' title='bbox 1757 2882 2187 2954; x_wconf 89' lang='lat' dir='ltr'>occupatum</span> <span class='ocrx_word' id='word_1_222' title='bbox 2220 2859 2514 2942; x_wconf 82' lang='lat' dir='ltr'>videam.</span> 
     </span>
    </p>

    <p class='ocr_par' dir='ltr' id='par_1_4' title="bbox 953 2954 2816 3051">
     <span class='ocr_line' id='line_1_27' title="bbox 953 2954 2816 3051; baseline -0.001 -20"><span class='ocrx_word' id='word_1_223' title='bbox 953 2958 1286 3051; x_wconf 80' lang='lat' dir='ltr'>Conjunx</span> <span class='ocrx_word' id='word_1_224' title='bbox 1321 2970 1437 3028; x_wconf 74' lang='lat' dir='ltr'>t‘ua</span> <span class='ocrx_word' id='word_1_225' title='bbox 1470 2954 1738 3049; x_wconf 82' lang='lat' dir='ltr'>optime</span> <span class='ocrx_word' id='word_1_226' title='bbox 1769 2957 1959 3031; x_wconf 84' lang='lat' dir='ltr'>valet</span> <span class='ocrx_word' id='word_1_227' title='bbox 1990 2976 2137 3031; x_wconf 77' lang='lat' dir='ltr'>una,</span> <span class='ocrx_word' id='word_1_228' title='bbox 2162 2976 2322 3029; x_wconf 83' lang='lat' dir='ltr'>cum</span> <span class='ocrx_word' id='word_1_229' title='bbox 2355 2978 2507 3029; x_wconf 87' lang='lat' dir='ltr'>tota</span> <span class='ocrx_word' id='word_1_230' title='bbox 2536 2954 2816 3031; x_wconf 82' lang='lat' dir='ltr'>familia.</span> 
     </span>
    </p>

    <p class='ocr_par' dir='ltr' id='par_1_5' title="bbox 833 3046 3261 4015">
     <span class='ocr_line' id='line_1_28' title="bbox 953 3046 3258 3151; baseline 0.002 -26"><span class='ocrx_word' id='word_1_231' title='bbox 953 3050 1119 3151; x_wconf 85' lang='lat' dir='ltr'>Ego</span> <span class='ocrx_word' id='word_1_232' title='bbox 1155 3053 1450 3149; x_wconf 71' lang='lat' dir='ltr'>v&#39;quatuor</span> <span class='ocrx_word' id='word_1_233' title='bbox 1483 3062 1776 3145; x_wconf 85' lang='lat' dir='ltr'>nepotes</span> <span class='ocrx_word' id='word_1_234' title='bbox 1813 3046 2232 3125; x_wconf 75' lang='lat' dir='ltr'>meos-hisce</span> <span class='ocrx_word' id='word_1_235' title='bbox 2255 3054 2475 3127; x_wconf 81' lang='lat' dir='ltr'>turbis</span> <span class='ocrx_word' id='word_1_236' title='bbox 2506 3050 2802 3127; x_wconf 76' lang='lat' dir='ltr'>Gallicis</span> <span class='ocrx_word' id='word_1_237' title='bbox 2832 3048 3103 3129; x_wconf 66' lang='lat' dir='ltr'>Parisiis·</span> <span class='ocrx_word' id='word_1_238' title='bbox 3136 3054 3258 3129; x_wconf 83' lang='lat' dir='ltr'>ha-</span> 
     </span>
     <span class='ocr_line' id='line_1_29' title="bbox 855 3144 3258 3247; baseline -0.001 -20"><span class='ocrx_word' id='word_1_239' title='bbox 855 3150 982 3227; x_wconf 75' lang='lat' dir='ltr'>bui</span> <span class='ocrx_word' id='word_1_240' title='bbox 1019 3204 1041 3237; x_wconf 86' lang='lat'><strong>,</strong></span> <span class='ocrx_word' id='word_1_241' title='bbox 1092 3148 1732 3243; x_wconf 78' lang='lat' dir='ltr'>decedentibusque</span> <span class='ocrx_word' id='word_1_242' title='bbox 1791 3149 2064 3221; x_wconf 83' lang='lat' dir='ltr'>caeteris</span> <span class='ocrx_word' id='word_1_243' title='bbox 2120 3144 2548 3223; x_wconf 84' lang='lat' dir='ltr'>scholaribus</span> <span class='ocrx_word' id='word_1_244' title='bbox 2582 3154 2773 3224; x_wconf 81' lang='lat' dir='ltr'>meos</span> <span class='ocrx_word' id='word_1_245' title='bbox 2808 3150 2954 3223; x_wconf 84' lang='lat' dir='ltr'>illic</span> <span class='ocrx_word' id='word_1_246' title='bbox 2989 3172 3258 3247; x_wconf 86' lang='lat' dir='ltr'>perma-</span> 
     </span>
     <span class='ocr_line' id='line_1_30' title="bbox 855 3242 3259 3341; baseline 0.002 -24"><span class='ocrx_word' id='word_1_247' title='bbox 855 3266 1020 3318; x_wconf 89' lang='lat' dir='ltr'>nere</span> <span class='ocrx_word' id='word_1_248' title='bbox 1049 3246 1238 3341; x_wconf 79' lang='lat' dir='ltr'>jum,</span> <span class='ocrx_word' id='word_1_249' title='bbox 1289 3242 1517 3318; x_wconf 89' lang='lat' dir='ltr'>donec</span> <span class='ocrx_word' id='word_1_250' title='bbox 1551 3246 2095 3337; x_wconf 83' lang='lat' dir='ltr'>oportunitatem</span> <span class='ocrx_word' id='word_1_251' title='bbox 2124 3245 2521 3328; x_wconf 85' lang='lat' dir='ltr'>inveniant,</span> <span class='ocrx_word' id='word_1_252' title='bbox 2571 3244 2710 3338; x_wconf 74' lang='lat' dir='ltr'>qua</span> <span class='ocrx_word' id='word_1_253' title='bbox 2738 3246 2811 3317; x_wconf 89' lang='lat' dir='ltr'>in</span> <span class='ocrx_word' id='word_1_254' title='bbox 2846 3245 3259 3340; x_wconf 84' lang='lat' dir='ltr'>Hispaniam</span> 
     </span>
     <span class='ocr_line' id='line_1_31' title="bbox 860 3332 3259 3439; baseline 0.003 -27"><span class='ocrx_word' id='word_1_255' title='bbox 860 3338 1565 3438; x_wconf 81' lang='lat' dir='ltr'>proficiscantur,·ac</span> <span class='ocrx_word' id='word_1_256' title='bbox 1613 3342 1804 3433; x_wconf 90' lang='lat' dir='ltr'>apud</span> <span class='ocrx_word' id='word_1_257' title='bbox 1860 3338 2389 3413; x_wconf 78' lang='lat' dir='ltr'>salamanticam</span> <span class='ocrx_word' id='word_1_258' title='bbox 2447 3342 2687 3414; x_wconf 79' lang='lat' dir='ltr'>studiis</span> <span class='ocrx_word' id='word_1_259' title='bbox 2738 3332 2877 3415; x_wconf 77' lang='lat' dir='ltr'>suis</span> <span class='ocrx_word' id='word_1_260' title='bbox 2910 3344 3259 3439; x_wconf 88' lang='lat' dir='ltr'>colopho·</span> 
     </span>
     <span class='ocr_line' id='line_1_32' title="bbox 855 3432 3259 3534; baseline 0.001 -26"><span class='ocrx_word' id='word_1_261' title='bbox 855 3456 1017 3509; x_wconf 88' lang='lat' dir='ltr'>nem</span> <span class='ocrx_word' id='word_1_262' title='bbox 1045 3438 1434 3531; x_wconf 87' lang='lat' dir='ltr'>imponant.</span> <span class='ocrx_word' id='word_1_263' title='bbox 1533 3432 1778 3508; x_wconf 89' lang='lat' dir='ltr'>Unum</span> <span class='ocrx_word' id='word_1_264' title='bbox 1811 3458 2043 3511; x_wconf 89' lang='lat' dir='ltr'>autem</span> <span class='ocrx_word' id='word_1_265' title='bbox 2088 3436 2323 3511; x_wconf 86' lang='lat' dir='ltr'>habco</span> <span class='ocrx_word' id='word_1_266' title='bbox 2368 3434 2601 3511; x_wconf 86' lang='lat' dir='ltr'>adhuc</span> <span class='ocrx_word' id='word_1_267' title='bbox 2636 3435 2943 3512; x_wconf 88' lang='lat' dir='ltr'>Lovanii</span> <span class='ocrx_word' id='word_1_268' title='bbox 2980 3440 3120 3534; x_wconf 87' lang='lat' dir='ltr'>juri</span> <span class='ocrx_word' id='word_1_269' title='bbox 3180 3460 3259 3511; x_wconf 90' lang='lat' dir='ltr'>o·</span> 
     </span>
     <span class='ocr_line' id='line_1_33' title="bbox 855 3529 3261 3631; baseline 0.001 -25"><span class='ocrx_word' id='word_1_270' title='bbox 855 3554 1094 3630; x_wconf 79' lang='lat' dir='ltr'>peram</span> <span class='ocrx_word' id='word_1_271' title='bbox 1127 3552 1501 3608; x_wconf 84' lang='lat' dir='ltr'>navantem</span> <span class='ocrx_word' id='word_1_272' title='bbox 1521 3580 1546 3617; x_wconf 88' lang='lat'>‚</span> <span class='ocrx_word' id='word_1_273' title='bbox 1595 3552 1753 3605; x_wconf 89' lang='lat' dir='ltr'>cum</span> <span class='ocrx_word' id='word_1_274' title='bbox 1787 3554 1879 3605; x_wconf 90' lang='lat' dir='ltr'>eo</span> <span class='ocrx_word' id='word_1_275' title='bbox 1904 3529 2223 3629; x_wconf 62' lang='lat' dir='ltr'>profectu</span> <span class='ocrx_word' id='word_1_276' title='bbox 2249 3584 2271 3616; x_wconf 94' lang='lat'><strong>,</strong></span> <span class='ocrx_word' id='word_1_277' title='bbox 2293 3552 2373 3607; x_wconf 91' lang='lat' dir='ltr'>ut</span> <span class='ocrx_word' id='word_1_278' title='bbox 2408 3536 2496 3608; x_wconf 87' lang='lat' dir='ltr'>ad</span> <span class='ocrx_word' id='word_1_279' title='bbox 2528 3534 2876 3609; x_wconf 81' lang='lat' dir='ltr'>licentiam</span> <span class='ocrx_word' id='word_1_280' title='bbox 2906 3556 3062 3610; x_wconf 90' lang='lat' dir='ltr'>eum</span> <span class='ocrx_word' id='word_1_281' title='bbox 3091 3556 3261 3631; x_wconf 87' lang='lat' dir='ltr'>pro·</span> 
     </span>
     <span class='ocr_line' id='line_1_34' title="bbox 833 3628 3258 3725; baseline 0.004 -29"><span class='ocrx_word' id='word_1_282' title='bbox 833 3632 1057 3723; x_wconf 40' lang='lat' dir='ltr'>‹gi-edi</span> <span class='ocrx_word' id='word_1_283' title='bbox 1104 3630 1422 3725; x_wconf 85' lang='lat' dir='ltr'>cupiam,</span> <span class='ocrx_word' id='word_1_284' title='bbox 1473 3628 1877 3724; x_wconf 84' lang='lat' dir='ltr'>priusquam</span> <span class='ocrx_word' id='word_1_285' title='bbox 1918 3630 2059 3704; x_wconf 72' lang='lat' dir='ltr'>alio</span> <span class='ocrx_word' id='word_1_286' title='bbox 2102 3630 2467 3705; x_wconf 87' lang='lat' dir='ltr'>dimittam.</span> <span class='ocrx_word' id='word_1_287' title='bbox 2566 3629 2637 3703; x_wconf 82' lang='lat' dir='ltr'>Is</span> <span class='ocrx_word' id='word_1_288' title='bbox 2692 3654 2904 3720; x_wconf 80' lang='lat' dir='ltr'>vero,</span> <span class='ocrx_word' id='word_1_289' title='bbox 2938 3628 3258 3707; x_wconf 71' lang='lat' dir='ltr'>Vibran-</span> 
     </span>
     <span class='ocr_line' id='line_1_35' title="bbox 861 3726 3257 3825; baseline 0.002 -28"><span class='ocrx_word' id='word_1_290' title='bbox 861 3728 993 3799; x_wconf 81' lang='lat' dir='ltr'>dus</span> <span class='ocrx_word' id='word_1_291' title='bbox 1013 3733 1343 3811; x_wconf 77' lang='lat' dir='ltr'>nomine,</span> <span class='ocrx_word' id='word_1_292' title='bbox 1395 3742 1638 3800; x_wconf 76' lang='lat' dir='ltr'>omnes</span> <span class='ocrx_word' id='word_1_293' title='bbox 1685 3744 1996 3825; x_wconf 27' lang='lat' dir='ltr'>nepotes„</span> <span class='ocrx_word' id='word_1_294' title='bbox 2016 3740 2213 3799; x_wconf 84' lang='lat' dir='ltr'>meos</span> <span class='ocrx_word' id='word_1_295' title='bbox 2260 3726 2299 3799; x_wconf 72' lang='lat' dir='ltr'>a</span> <span class='ocrx_word' id='word_1_296' title='bbox 2347 3748 2558 3820; x_wconf 88' lang='lat' dir='ltr'>tergo</span> <span class='ocrx_word' id='word_1_297' title='bbox 2618 3728 2833 3823; x_wconf 87' lang='lat' dir='ltr'>longe</span> <span class='ocrx_word' id='word_1_298' title='bbox 2880 3728 3257 3822; x_wconf 80' lang='lat' dir='ltr'>relinquit,</span> 
     </span>
     <span class='ocr_line' id='line_1_36' title="bbox 861 3816 3259 3917; baseline 0.003 -25"><span class='ocrx_word' id='word_1_299' title='bbox 861 3842 944 3893; x_wconf 85' lang='lat' dir='ltr'>ac</span> <span class='ocrx_word' id='word_1_300' title='bbox 974 3844 1061 3892; x_wconf 83' lang='lat' dir='ltr'>ex</span> <span class='ocrx_word' id='word_1_301' title='bbox 1091 3822 1436 3898; x_wconf 85' lang='lat' dir='ltr'>Oratione</span> <span class='ocrx_word' id='word_1_302' title='bbox 1473 3817 1951 3917; x_wconf 87' lang='lat' dir='ltr'>quodlibetica</span> <span class='ocrx_word' id='word_1_303' title='bbox 1994 3842 2223 3916; x_wconf 83' lang='lat' dir='ltr'>nuper</span> <span class='ocrx_word' id='word_1_304' title='bbox 2272 3821 2548 3911; x_wconf 83' lang='lat' dir='ltr'>habita,</span> <span class='ocrx_word' id='word_1_305' title='bbox 2592 3816 2875 3897; x_wconf 54' lang='lat' dir='ltr'>crebris*</span> <span class='ocrx_word' id='word_1_306' title='bbox 2912 3846 2995 3897; x_wconf 89' lang='lat' dir='ltr'>ue</span> <span class='ocrx_word' id='word_1_307' title='bbox 3028 3823 3145 3897; x_wconf 82' lang='lat' dir='ltr'>dis</span> <span class='ocrx_word' id='word_1_308' title='bbox 3180 3848 3259 3898; x_wconf 92' lang='lat' dir='ltr'>u·</span> 
     </span>
     <span class='ocr_line' id='line_1_37' title="bbox 859 3914 3255 4015; baseline 0.002 -28"><span class='ocrx_word' id='word_1_309' title='bbox 859 3916 1234 3993; x_wconf 82' lang='lat' dir='ltr'>tationibus</span> <span class='ocrx_word' id='word_1_310' title='bbox 1258 3920 1558 4015; x_wconf 85' lang='lat' dir='ltr'>publicis</span> <span class='ocrx_word' id='word_1_311' title='bbox 1583 3939 1907 4014; x_wconf 70' lang='lat' dir='ltr'>maguam</span> <span class='ocrx_word' id='word_1_312' title='bbox 1942 3914 2134 4014; x_wconf 86' lang='lat' dir='ltr'>spem</span> <span class='ocrx_word' id='word_1_313' title='bbox 2166 3917 2536 4014; x_wconf 77' lang='lat' dir='ltr'>concipi0,</span> <span class='ocrx_word' id='word_1_314' title='bbox 2583 3916 2751 3993; x_wconf 70' lang='lat' dir='ltr'>fore</span> <span class='ocrx_word' id='word_1_315' title='bbox 2771 3941 2849 3995; x_wconf 88' lang='lat' dir='ltr'>ut</span> <span class='ocrx_word' id='word_1_316' title='bbox 2934 3942 3071 3992; x_wconf 84' lang='lat' dir='ltr'>unc</span> <span class='ocrx_word' id='word_1_317' title='bbox 3176 3939 3255 3992; x_wconf 86' lang='lat' dir='ltr'>u-</span> 
     </span>
    </p>

    <p class='ocr_par' dir='ltr' id='par_1_6' title="bbox 784 4018 3259 4364">
     <span class='ocr_line' id='line_1_38' title="bbox 2802 4018 3258 4091; baseline 0.004 -2"><span class='ocrx_word' id='word_1_318' title='bbox 2802 4054 2817 4069; x_wconf 92' lang='lat'><strong>·</strong></span> <span class='ocrx_word' id='word_1_319' title='bbox 2900 4044 2903 4049; x_wconf 93' lang='lat'>·</span> <span class='ocrx_word' id='word_1_320' title='bbox 2974 4018 3258 4091; x_wconf 86' lang='lat' dir='ltr'>diorum</span> 
     </span>
     <span class='ocr_line' id='line_1_39' title="bbox 825 4153 3259 4263; baseline 0.001 -24"><span class='ocrx_word' id='word_1_321' title='bbox 825 4167 854 4202; x_wconf 77' lang='grc'><em>·</em></span> <span class='ocrx_word' id='word_1_322' title='bbox 943 4168 1113 4256; x_wconf 86' lang='lat'>(18)</span> <span class='ocrx_word' id='word_1_323' title='bbox 1161 4168 2050 4254; x_wconf 69' lang='lat' dir='ltr'>Commun1cnm)1ta</span> <span class='ocrx_word' id='word_1_324' title='bbox 2092 4153 2472 4253; x_wconf 79' lang='lat' dir='ltr'>reperiscri</span> <span class='ocrx_word' id='word_1_325' title='bbox 2524 4184 2706 4249; x_wconf 86' lang='lat' dir='ltr'>tum,</span> <span class='ocrx_word' id='word_1_326' title='bbox 2752 4172 2949 4263; x_wconf 71' lang='lat' dir='ltr'>&amp;ita</span> <span class='ocrx_word' id='word_1_327' title='bbox 2978 4192 3259 4262; x_wconf 61' lang='lat' dir='ltr'>quoque</span> 
     </span>
     <span class='ocr_line' id='line_1_40' title="bbox 784 4189 3030 4364; baseline 0 -37"><span class='ocrx_word' id='word_1_328' title='bbox 784 4258 834 4353; x_wconf 56' lang='grc' dir='ltr'>’ζ</span> <span class='ocrx_word' id='word_1_329' title='bbox 861 4248 1075 4327; x_wconf 81' lang='lat' dir='ltr'>edidit</span> <span class='ocrx_word' id='word_1_330' title='bbox 1117 4252 1512 4349; x_wconf 82' lang='lat' dir='ltr'>Gabbema..</span> <span class='ocrx_word' id='word_1_331' title='bbox 1589 4252 1877 4331; x_wconf 72' lang='lat' dir='ltr'>Clarum</span> <span class='ocrx_word' id='word_1_332' title='bbox 1909 4252 2004 4321; x_wconf 90' lang='lat' dir='ltr'>est</span> <span class='ocrx_word' id='word_1_333' title='bbox 2020 4250 2390 4364; x_wconf 71' lang='lat' dir='ltr'>legendum</span> <span class='ocrx_word' id='word_1_334' title='bbox 2428 4189 2559 4324; x_wconf 54' lang='lat' dir='ltr'>effe</span> <span class='ocrx_word' id='word_1_335' title='bbox 2583 4254 3030 4331; x_wconf 67' lang='lat' dir='ltr'>{communiam</span> 
     </span>
    </p>
   </div>
  </div>
 </body>
</html>
