3700 4884
387 372 1029 475 EP1sToLAE
1081 372 1262 471 An
1316 373 1749 491 JOACH.
1807 348 2523 478 HOPPERUM.
2560 294 2722 500 373

799 568 1816 697 EPISTOLA
1927 604 2257 759 Χῐντ

326 826 474 921 De
512 829 831 946 templis
887 825 1304 942 expilatis,
1361 826 1846 939 monasteriis
1897 827 2193 938 evetfis
2208 892 2234 933 ,
2292 834 2579 917 dirutis
2614 830 2730 916 al·

435 938 751 1030 taribus
809 968 904 1027 ac
973 960 1140 1027 tota
1201 946 1505 1027 veteris
1583 938 2034 1055 Religionis
2069 940 2305 1053 facie
2338 939 2687 1055 sublata
2689 974 2719 1045 3

436 1053 588 1145 De
655 1052 1002 1171 Duciffae
1055 1082 1160 1139 an
1216 1052 1426 1161 ustiis
1475 1080 1571 1139 ac
1635 1058 2021 1141 meditata
2048 1052 2317 1171 fuga3
2375 1054 2523 1141 De
2553 1064 2727 1171 pri-

436 1188 632 1256 vato
661 1166 819 1281 suo
873 1172 1156 1280 pericu
1192 1194 1288 1267 03
1345 1164 1492 1253 De
1527 1163 1802 1281 Regiae
1858 1168 2409 1283 indignationis
2463 1189 2723 1273 metu,

432 1282 654 1396 quod
795 1300 1100 1367 emente
1155 1277 1583 1390 necestitate
1635 1280 2049 1367 concedere
2104 1288 2413 1393 cogitur
2451 1342 2479 1383 ,
2548 1308 2723 1395 quae

433 1400 512 1481 ei
568 1393 651 1479 di
674 1390 1081 1507 plicebunt
1093 1420 1124 1493 3
1178 1388 1326 1477 De
1384 1390 1752 1477 Statuam
1795 1391 2317 1479 Generalium
2364 1420 2724 1481 convoca·

436 1512 648 1593 tione
728 1504 1200 1619 indulgenda
1232 1530 1262 1605 3
1337 1502 1487 1591 De
1537 1500 1785 1621 Rege
1842 1502 2385 1621 persuadendo
2440 1525 2532 1594 ut
2584 1510 2719 1596 ad-

435 1636 766 1707 ventum
793 1616 1045 1739 ficum
1099 1634 1484 1707 maturet.
2037 1693 2047 1702 .
2202 1668 2215 1677 -

323 1825 754 1993 Accepi,
806 1824 958 1899 CL.
1009 1826 1104 1903 D.
1151 1824 1653 1916 Horum,
1700 1829 1937 1904 literas
1971 1846 2122 1901 tuas
2168 1850 2365 1901 κη.
2420 1828 2714 1926 Augusti

497 1982 504 1989 .
560 1922 688 1998 scri
743 1941 850 1997 tas
869 1974 892 2012 ,
941 1946 1032 1997 ex
1069 1924 1332 2020 'quibus
1375 1924 1691 1999 lubenter
1734 1926 2047 1999 intellexi
2086 1924 2382 2021 Reginae
2412 1924 2713 2001 faelicem

321 2036 602 2119 partum
623 2072 646 2108 ,
777 2043 1024 2117 emque
1045 2070 1070 2105 ‚
1118 2044 1327 2117 quam
1359 2024 1447 2095 de
1478 2020 1672 2095 btevi
1701 2022 2001 2096 adventu
2032 2020 2252 2115 Regis
2282 2022 2486 2095 nobis
2512 2020 2711 2096 facis,
2826 2106 2835 2113 ,

417 2117 706 2211 Quomo
758 2141 803 2190 ο
854 2135 1088 2190 autem
1139 2117 1258 2189 hic
1292 2118 1518 2189 turbae
1564 2121 1955 2205 creverint,
2010 2141 2099 2189 ex
2146 2116 2453 2191 Duciss'ae
2489 2118 2751 2211 literis⁸

318 2214 602 2311 plenius
646 2213 990 2308 intelliges
1021 2234 1046 2295 3
1095 2232 1226 2284 nec
1263 2211 1512 2284 dubito
1551 2214 1718 2307 quin
1747 2235 2001 2307 magno
2038 2233 2331 2284 moerore
2366 2214 2557 2307 leges
2600 2232 2709 2286 tot

373 2312 818 2380 raeclarorum
852 2310 1266 2400 templorum
1287 2305 1698 2380 vastationes
1721 2358 1744 2391 ,
1783 2328 1889 2381 tot
1920 2308 2481 2379 monasteriorum
2515 2332 2711 2381 ever-

345 2424 592 2488 1ones,
643 2423 815 2497 quas
853 2400 1114 2475 referre
1146 2402 1284 2475 fine
1330 2403 1658 2496 lacrymis
1691 2426 1834 2476 non
1873 2400 2177 2498 poss'em3
2226 2400 2537 2497 dumque
2578 2428 2707 2477 nos
2754 2413 2759 2425 '

317 2496 759 2573 refrastarios
805 2494 1193 2591 praebemus
1241 2501 1314 2569 in
1357 2498 1841 2593 permittendis
1898 2496 2383 2571 haereticorum
2426 2502 2705 2575 concio-

319 2594 526 2669 nibus
549 2644 570 2678 ,
619 2589 745 2688 ipfi
799 2590 1154 2666 confilium
1211 2614 1572 2687 reperere,
1622 2613 1837 2668 totam
1888 2593 2327 2688 Religionem
2390 2594 2706 2670 Catholi·
2808 2616 2863 2695 ᾗ

318 2708 473 2765 cam
505 2687 710 2763 semel
745 2688 1176 2784 extirpandi,
1229 2689 1328 2761 ita
1358 2709 1437 2761 ut
1469 2688 1681 2774 hodie
1730 2713 1959 2787 neque
2004 2688 2457 2783 Antverpiae,
2508 2684 2704 2765 Gan-⁰

321 2786 531 2873 davi,
581 2784 942 2867 Tornaci,
993 2784 1214 2880 Ipris,
1282 2783 1717 2859 Buscoducis
1746 2840 1768 2875 ,
1834 2808 1918 2861 ac
1962 2784 2336 2859 innumeris
2387 2788 2539 2859 aliis
2591 2812 2706 2862 ur-

315 2882 563 2963 bibus,
629 2880 1050 2954 monasteriis
1109 2904 1190 2953 ac
1237 2882 1436 2979 pagis
1489 2934 1511 2967 ,
1576 2882 1714 2955 ulla
1765 2879 2123 2977 religionis
2186 2883 2441 2955 veteris
2490 2882 2703 2959 facies

313 2995 686 3073 appareat,
738 2976 1068 3049 altaribus
1102 2980 1421 3049 omnibus
1449 2974 1823 3062 subversis,
1875 2979 2336 3064 ornamentis,
2366 2977 2702 3078 librisque

313 3070 702 3166 necessariis
761 3073 1049 3167 direptis
1087 3096 1170 3147 ac
1209 3070 1499 3145 flammis
1547 3073 1859 3159 traditis,
1908 3093 1984 3144 ut
2018 3096 2159 3145 non
2204 3075 2495 3167 amplius
2532 3094 2703 3149 tem-

309 3171 432 3264 pla
463 3222 486 3257 ,
532 3166 648 3241 sed
691 3164 956 3241 stabula
990 3172 1227 3265 potius
1269 3170 1672 3255 videantur,
1724 3192 1806 3241 ac
1843 3166 1967 3239 nifi
2016 3190 2176 3241 curn
2211 3165 2511 3263 XGeufiis
2552 3193 2699 3241 ccr-

309 3264 386 3337 t‘a
417 3265 688 3337 ratione
721 3284 1139 3338 conventum
1195 3262 1395 3347 esset,
1445 3268 1698 3337 malum
1754 3266 1895 3337 hoe
1936 3262 2319 3335 universam
2363 3263 2699 3337 ditionem

367 3355 748 3441 ervafiss‘et,
813 3382 940 3446 ac,
1006 3381 1086 3432 ut
1149 3364 1264 3433 vel
1315 3358 1408 3432 fic
1453 3358 1587 3431 fisti
1643 3381 1898 3453 queat,
1961 3361 2252 3433 multum
2305 3360 2701 3438 metuimus.

307 3382 595 3528 Euciss'a
631 3453 749 3527 hic
797 3457 1062 3549 aliquot
1117 3454 1365 3530 diebus
1411 3457 1484 3526 in
1519 3453 1804 3529 summis
1857 3457 2178 3549 angustiis
2210 3455 2470 3530 versata
2515 3454 2694 3543 fuit,

309 3572 442 3624 nec
491 3550 723 3623 adhuc
773 3550 908 3620 illis
952 3553 1236 3624 omnino
1292 3570 1558 3631 exemta
1609 3552 1706 3625 est
1740 3604 1761 3638 ,
1812 3575 1895 3625 ac
1936 3554 2293 3647 aliquoties
2337 3555 2426 3625 ad
2467 3551 2698 3625 deces-

302 3644 496 3730 sum,
547 3668 754 3740 quam
790 3646 906 3717 alii
960 3644 1192 3741 fugam
1223 3648 1798 3743 interpretantur,
1847 3668 2085 3745 parata
2116 3698 2143 3728 ‚
2188 3648 2325 3719 alio
2378 3645 2695 3740 profesta

306 3738 574 3827 fuiss'et,
622 3737 744 3831 nisi
775 3740 1345 3837 impedimentum
1385 3740 1724 3839 obJectum
1759 3741 2007 3817 fuiss'et.
2060 3740 2239 3815 Cum
2276 3742 2484 3813 iidem
2512 3742 2693 3837 gras-

302 3836 562 3910 satores
601 3838 674 3911 &
699 3838 860 3909 huic
883 3836 1036 3909 urbi
1069 3834 1587 3926 infidiarentur,
1626 3838 1696 3911 &
1729 3841 1986 3911 civium
2022 3840 2285 3932 aliquot
2308 3837 2518 3910 millia
2550 3838 2690 3913 Re-

287 3934 636 4027 ligionem
662 3954 919 4025 novam
953 3956 1094 4004 non
1127 3933 1606 4007 diffimulantcr
1654 3934 2183 4032 profiterentur,
2236 3932 2309 4007 δε
2364 3952 2501 4005 tam
2537 3958 2689 4031 gra-

299 4050 430 4101 ves
468 4030 688 4100 allatae
719 4027 973 4103 fuerint
1005 4030 1207 4102 minae
1230 4082 1247 4110 ,
1298 4050 1375 4102 ut
1411 4054 1641 4125 neque
1683 4028 2144 4102 ministrorum
2182 4030 2528 4124 regiorum
2568 4052 2689 4103 ne-

298 4142 442 4219 que
484 4118 912 4197 sacerdotum
945 4124 1118 4199 vitae'
1149 4149 1434 4220 parcere
1469 4126 1862 4201 statuerent.
1935 4126 2041 4196 Ea
2077 4148 2244 4197 vero
2266 4178 2285 4213 ,
2325 4150 2485 4221 quae
2519 4148 2685 4199 con·-

289 4240 406 4297 πει
423 4240 534 4295 me
553 4217 879 4317 privatim
901 4218 1324 4299 intentantur
1343 4273 1368 4313 ,
1391 4220 1644 4394 rssfssrge
1660 4275 1684 4309 ,
1717 4224 1885 4301 nolo
1902 4277 1923 4315 ,
1966 4219 2081 4297 sed
2106 4219 2155 4295 fi
2186 4224 2399 4297 vitam
2438 4220 2504 4293 D
2526 4244 2567 4293 E
2587 4243 2625 4291 u
2648 4244 2693 4300 s·

2526 4338 2691 4393 con·
