3700 4884
435 248 1088 471 EplsToLAE
1125 324 1318 419 -AD
1375 318 1808 435 JOACH.
1866 320 2586 445 HOPPERUM.
2615 328 2723 445 67
2736 350 2790 443 3

369 520 600 619 Regia
639 522 791 600 Ma·
837 518 976 611 stan
1006 540 1224 595 meam
1255 567 1280 605 ,
1327 520 1433 595 uti
1459 517 1745 606 scribis,
1792 516 2202 595 sententiam
2236 523 2627 619 intelligere
2662 525 2785 598 de·

366 614 641 711 fiderat.
693 622 728 693 ’,
810 642 906 713 go
947 620 1228 714 quidem
1261 617 1437 691 nihil
1473 615 1563 691 ad
1612 612 1905 711 Regiam
1954 616 2393 710 Majestatem
2438 622 2578 691 tale·
2626 621 2786 715 pe‘r-

365 708 706 812 scriptum
738 738 962 801 antea·
981 716 1502 799 intellexeram„
1531 713 1701 785 licet
1732 713 1857 785 hic
1891 711 2281 809 plerunque
2318 718 2785 809 querimonias

360 798 573 910 super
612 837 698 890 ea
739 836 818 890 re
849 812 1238 899 audieram,
1285 807 1710 904 miratusque
1735 808 2031 883 subinde
2058 808 2203 897 fui,
2255 834 2569 905 quaenam
2605 814 2789 885 ratio

367 908 652 983 Ducem
700 908 1043 995 moverit,
1095 928 1174 983 ut
1223 906 1538 1003 pecuniae
1561 955 1585 991 ‚
1649 904 2197 1015 patrimoniique
2234 902 2444 1001 Regii
2495 908 2787 983 admini-

367 1000 770 1079 strationem
793 1056 815 1091 ,
885 1004 929 1077 a
971 999 1464 1101 sapientiffimie
1517 1000 1969 1113 Principibus
2030 1024 2227 1075 tanta
2272 1000 2735 1079 sollicitudine
2756 1054 2797 1093 ,.
2874 1034 2881 1039 ·

366 1100 870 1199 diligentiaque
906 1099 1387 1183 constitutam,
1435 1118 1920 1184 commutarit,
1967 1096 2329 1194 Regiaque
2354 1100 2673 1196 Majestas
2710 1101 2789 1175 id

367 1196 788 1295 permiserit,
854 1194 978 1271 nifi
1031 1197 1222 1291 quod
1267 1220 1358 1271 eo
1411 1196 1646 1277 medio
1689 1194 2214 1271 constitutiones
2258 1196 2521 1274 nostras
2557 1196 2793 1271 dissol-

363 1315 540 1369 vere
564 1344 590 1379 ,
636 1292 920 1391 suasque
941 1343 968 1383 ,
1035 1316 1206 1387 quas
1251 1291 1514 1391 semper
1564 1293 1883 1370 meliores
1932 1290 2305 1367 arbitratur
2334 1344 2359 1379 ,
2429 1290 2778 1367 subintro-

368 1386 628 1463 ducere
660 1442 685 1477 ,
749 1388 1377 1485 authoritatemque
1441 1387 2045 1461 administrationis
2106 1390 2427 1484 pecuniae
2476 1392 2551 1463 in
2601 1392 2787 1464 alios

361 1484 776 1577 transferre,
828 1488 902 1565 δι
936 1504 1122 1562 nova
1162 1487 1396 1559 omnia
1431 1482 1666 1559 facere
1699 1486 1887 1558 velle
1923 1482 2265 1558 videatur.
2335 1482 2669 1580 Idemque
2702 1489 2787 1563 itt

367 1579 734 1677 judicibus
765 1580 1266 1659 constituendis
1287 1632 1312 1671 ,
1345 1580 1765 1678 legibusque
1786 1604 1871 1656 ac
1908 1578 2525 1657 consuetudinibus
2562 1582 2783 1655 refor-

361 1678 636 1753 mandis
670 1679 991 1753 nonnulli
1017 1679 1434 1774 jampridem
1468 1696 1848 1753 tentarunt.
1954 1674 2217 1752 Verum
2239 1726 2267 1763 ‚
2314 1696 2389 1751 ut
2420 1678 2637 1752 iibere
2674 1678 2779 1751 di-

365 1796 520 1847 cam
543 1826 570 1857 ‚
619 1798 752 1873 ego
803 1798 1156 1871 nunquam
1211 1773 1366 1848 satis
1413 1796 1655 1850 eorum
1721 1772 2023 1850 confilia.
2044 1772 2355 1868 probare
2406 1777 2650 1869 potui,
2702 1774 2781 1851 δε
2929 1770 2937 1775 ’

365 1869 1033 2035 νίῐίείρτυόεηῑίὒυε
1063 1870 1429 1964 displicere
1467 1872 1822 1947 intellexi:
1856 1870 1972 1947 sed
2004 1870 2127 1965 qui
2161 1890 2405 1948 contra
2436 1870 2735 1945 sentiunt
2754 1918 2782 1959 ,

355 1988 513 2039 non
574 1988 700 2039 unt
731 1969 937 2039 amici
970 1964 1350 2041 Pontificis.
1453 1965 1985 2054 Quamobrem,
2033 1964 2260 2077 siquid
2298 1969 2433 2041 mei
2468 1964 2568 2042 est
2592 1967 2780 2061 judi·

369 2064 510 2145 cii,
563 2063 826 2159 optime
866 2060 1092 2157 Regia
1131 2060 1452 2155 Majestas
1499 2062 1756 2147 faciet,
1803 2059 1855 2134 fi
1886 2086 2039 2135 rem
2060 2085 2134 2133 m
2178 2083 2483 2135 veterem
2524 2058 2782 2137 statum
2879 2116 2890 2123 -

363 2158 676 2233 restituat
696 2214 716 2247 ,
749 2156 1412 2252 constitutionesque
1445 2158 1668 2233 editas
1707 2161 1914 2253 super
1940 2154 2531 2231 administratione
2562 2156 2786 2235 finan-

367 2254 672 2339 ciarum,
713 2252 1098 2350 Regiaeque
1133 2255 1494 2348 pecuniae,
1545 2276 1629 2329 ac
1657 2254 2101 2349 patrimonii,
2148 2256 2390 2327 exacte
2428 2252 2787 2343 observari

271 2392 277 2397 ·
365 2352 780 2519 Kraecipiat,
831 2350 1218 2446 talibusque
1276 2346 1504 2423 officia
1549 2350 1945 2424 committat
1981 2404 2002 2438 ‚
2052 2350 2199 2445 qui.
2228 2372 2372 2421 non
2435 2346 2549 2421 sua
2578 2401 2603 2437 ,
2662 2348 2787 2424 sed

445 2447 582 2542 eip.
637 2445 1148 2542 Majestatisque
1185 2444 1326 2518 suae
1374 2448 1746 2519 utilitatem
1807 2468 1959 2541 prae
1996 2447 2225 2521 oculis
2260 2448 2601 2536 habeant,
2648 2468 2786 2524 nec
2931 2446 2935 2453 ’

363 2566 784 2617 mercatores
810 2544 1022 2617 lucris
1049 2562 1391 2639 perpetuo
1414 2540 1543 2613 suis
1563 2544 1947 2626 inhianteS,
1986 2540 2075 2614 ad
2110 2566 2190 2617 ea
2220 2543 2532 2635 irrepere
2556 2543 2789 2639 (quod

365 2638 532 2715 cum
578 2640 1070 2715 nonnullorum
1106 2659 1286 2735 pace
1339 2636 1601 2711 dictum
1634 2636 1766 2735 fit)
1816 2640 2195 2733 permittat.
2296 2639 2499 2713 Nihil
2548 2664 2781 2717 autem

365 2760 549 2833 opus
588 2732 722 2810 effe
767 2735 1029 2824 senti0‚
1080 2758 1226 2809 rem
1277 2740 1532 2809 claram
1579 2734 1899 2829 pluribus
1957 2737 2351 2829 explicare,
2402 2756 2523 2809 aut
2568 2739 2786 2831 majo-

365 2856 522 2907 rum
560 2835 748 2928 leges
802 2830 924 2905 sub
979 2832 1310 2907 incudem
1361 2854 1744 2922 revocare,
1809 2832 2111 2928 proinde
2168 2832 2505 2929 scriptum
2546 2837 2631 2909 ad
2668 2858 2781 2907 me

366 2926 638 3003 missum
673 2928 860 3003 hisce
903 2928 1139 3003 rursus
1195 2929 1408 3001 'unxi.
1735 2980 1742 2985 -

315 3062 345 3068 -
464 3022 766 3101 Hellerii
815 3024 1034 3098 nostri
1083 3025 1168 3101 de
1227 3024 1496 3099 derium
1555 3024 1806 3102 lubens
1860 3022 2185 3117 equidem
2250 3046 2788 3119 promoverem,

363 3118 484 3195 sed
525 3120 915 3219 penfionis,
986 3144 1196 3219 quam
1242 3143 1524 3215 captat,
1573 3120 1987 3193 solutionem
2032 3122 2135 3193 illi
2175 3122 2585 3214 promittere
2634 3141 2782 3196 non

260 3220 270 3225 ”
364 3218 642 3304 audeo,
689 3216 848 3293 cum
887 3243 999 3293 res
1037 3215 1294 3291 nostrae
1344 3220 1444 3291 ita
1489 3214 1797 3311 angustae
1841 3214 2015 3302 fint,
2066 3239 2145 3289 ut
2183 3238 2365 3311 pene
2400 3220 2575 3293 nulli
2606 3220 2783 3315 justa

363 3314 448 3387 sti
505 3316 708 3389 ersdia
755 3315 1048 3409 amplius
1100 3308 1406 3409 persolvi
1447 3335 1727 3407 queant.
1827 3311 1929 3384 Et
1981 3332 2057 3383 ut
2100 3338 2199 3387 -ex
2243 3313 2584 3402 veritate,
2634 3340 2780 3391 non

470 3416 673 3499 estu,
741 3412 1040 3505 loquar,
1091 3412 1296 3504 quale
1344 3410 1432 3482 ab
1492 3406 1811 3483 Hellen-io
1846 3406 2220 3483 ‘servitium
2262 3409 2783 3508 ,expediandum

363 3500 454 3580 fit
470 3561 494 3607 2
548 3531 686 3582 non
733 3505 892 3588 satis
937 3508 1152 3581 video
1187 3557 1212 3592 ,
1285 3502 1410 3577 nist
1506 3504 1644 3579 uod
1697 3507 1786 3581 de
1833 3505 1965 3594 iis,
2010 3528 2173 3601 quae
2224 3506 2607 3602 Augustae,
2656 3509 2781 3586 ubi

357 3624 829 3680 mercatorum
879 3604 1278 3701 potentium
1315 3602 1411 3675 est
1491 3601 1902 3697 requentia,
1950 3610 2286 3693 geruntur
2304 3654 2327 3689 ‚
2376 3605 2512 3676 suis
2562 3605 2789 3683 literis

359 3699 742 3797 aliquando
796 3702 1215 3777 annunciare
1261 3698 1464 3793 possit
1499 3723 1521 3772 ε
1585 3720 1891 3795 quorum
1934 3696 2101 3771 satis
2151 3696 2359 3793 sagax
2404 3698 2787 3793 ‘indagator

261 3826 269 3829 ·
363 3794 539 3870 mihi
586 3797 726 3875 effe
771 3797 1060 3873 videtur
1115 3792 1194 3871 δι
1237 3796 1538 3892 diligens
1589 3790 1855 3891 perscri
1908 3815 2061 3880 tor,
2110 3796 2309 3889 quod
2338 3816 2497 3892 ,ego
2554 3794 2789 3874 testati

360 3892 678 3987 possum,
729 3896 816 3968 ad
855 3918 1063 3991 quem
1096 3892 1186 3967 de
1223 3894 1480 3983 rebus2
1521 3898 1683 3989 quae
1726 3892 1800 3962 in
1912 3893 2216 3964 ermania
2251 3908 2635 3985 geruntur,
2669 3895 2788 3975 ‚sa-

360 3990 456 4063 tis
503 3993 780 4087 prolixe
831 3990 1016 4088 saepe
1049 3987 1311 4066 scribit.
1411 3986 1603 4075 Daci
1645 4006 1877 4059 autem
1926 3986 2183 4060 nostro·
2220 3986 2593 4067 difficulter
2621 4013 2786 4088 per·

359 4080 765 4165 suadebitur
802 4137 829 4173 ,
896 4109 978 4162 ut
1021 4086 1298 4163 homini
1364 4104 1702 4181 extraneo
1759 4103 1899 4181 pro
1958 4082 2365 4185 -hujufinodi
2411 4088 2801 4167 ministerio

359 4184 748 4289 quicquam
781 4184 1173 4283 praestetur.
2106 4263 2135 4291 Ι

519 4300 530 4307 ·
1583 4274 1795 4379 Qqq
1841 4300 1900 4377 a
1940 4298 1991 4379 3.
2187 4414 2199 4423 ο
2675 4276 2806 4357 De
