3700 4884
921 363 1101 501 562‘
1171 369 1645 477 VIGLII
1697 389 1835 462 An
1892 362 2435 462 AYTTA.
2469 354 3262 467 ZUIGHEML

1041 572 1467 688 Seguntino
1504 564 1779 653 literas
1792 582 1799 591 ·
1812 564 2136 675 accepit.
2195 554 2345 647 De
2367 552 3340 673 'Lanspergenstfoedere.

1036 686 1186 774 De
1216 684 1693 785 Denneterii
1730 674 2021 779 fratre.
2136 669 2440 759 Literae
2501 669 3036 785 commaffionis
3066 670 3342 785 praest-

1037 798 1161 884 dis
1216 794 1575 933 Hg’spano
1603 787 1878 907 figillo
1913 786 2409 876 -mzmiendae.
2528 781 3080 900 Praepqlitura
3149 782 3342 877 Na·
3486 827 3495 837 ·

1034 908 1485 1017 murcergsis.

1110 1132 1193 1209 Ix
1246 1130 1681 1227 obsignaram
1714 1150 1896 1201 meas
1923 1124 2198 1209 literas,
2254 1120 2411 1199 CL.
2463 1122 2560 1209 D,
2607 1120 3100 1209 Hormina,
3154 1146 3335 1225 quas

954 1304 963 1313 ,
1130 1232 1219 1304 ad
1268 1250 1337 1302 te
1378 1250 1537 1300 111.
1586 1225 1791 1321 hujus
1823 1214 2116 1311 dabam,
2167 1218 2328 1295 cum
2363 1242 2501 1294 tuae
2539 1220 2722 1295 'mihi
2781 1218 3225 1314 adferrentur
3257 1242 3337 1297 va

922 1312 1215 1424 Aprilis‘
1240 1323 1517 1421 scriptae
1542 1377 1563 1410 ,
1614 1344 1771 1417 quae
1828 1319 2003 1391 mihi
2047 1319 2392 1421 gratiores
2439 1314 2677 1404 fuere,
2729 1338 2874 1414 quo
2905 1316 3077 1417 ,plus
3103 1338 3212 1391 ex
3265 1338 3341 1391 e·

928 1424 1169 1506 datae,
1221 1426 1307 1495 ad
1328 1444 1501 1516 quas
1531 1442 1717 1491 nunc
1750 1414 2015 1509 aliquid
2049 1414 2489 1511 per-eundem
2503 1412 2850 1491 cursorem
2867 1412 3216 1508 responde
3267 1438 3344 1487 o.

926 1584 935 1597 .
1028 1518 1562 1594 Hovelmannus
1600 1520 1866 1587 caeteris
1909 1511 2498 1607 competitoribus
2527 1512 2860 1608 praelatus
2890 1506 3078 1598 fuit3
3099 1512 3176 1582 in
3199 1508 3347 1583 Re-

923 1614 1379 1694 verendiffimi
1423 1632 1652 1687 autem
1717 1604 2088 1703 Brugenfis
2143 1608 2376 1680 locum
2431 1632 2635 1679 nemo
2666 1610 2898 1680 adhuc
2931 1604 3344 1702 surrogatus

925 1712 1026 1789 est
1060 1766 1081 1803 ,
1132 1712 1330 1809 quod
1378 1706 1779 1803 scrupulum
1828 1705 2176 1801 quendam
2225 1701 2671 1777 Illustriffimo
2704 1702 2895 1775 Duci
2919 1704 3289 1801 injecerint
3319 1757 3346 1795 ‚

927 1813 1053 1907 qui
1106 1806 1354 1881 cuneta
1401 1806 1520 1879 hic
1588 1822 1843 1877 novata
1902 1798 2150 1873 volunt
2243 1800 2330 1873 de
2359 1798 2516 1895 Jure
2547 1823 2628 1873 ac
2677 1798 3343 1897 privilegiisnomi·

926 1904 1239 1987 ,nationis
1289 1898 1601 1975 Confilio
1633 1894 2050 1995 in²ejusdem
2088 1852 2519 2001 institutione
2532 1892 2854 1973 concess'o
2881 1888 3134 1993 ,quein
3161 1918 3348 1993 ege,

937 2002 1173 2097 quoad
1206 1996 1519 2095 possum,
1571 1992 1870 2091 egrimere
1905 1994 2006 2066 illi
2033 1988 2302 2065 studeo.
2563 2071 2576 2096 ὃ
2622 1994 2631 2002 “
2705 2054 2714 2063 .
2911 2054 2920 2068 .
2981 2054 3003 2062 ..
3321 1996 3328 2003 “

1024 2094 1377 2169 Tzommo
1412 2097 1671 2167 laxiore
1706 2112 1986 2163 carcere
2020 2092 2283 2175 utitur,
2333 2088 2751 2187 conjugique
2773 2111 2855 2165 ac
2875 2090 3150 2165 caeteris
3173 2087 3346 2165 ami·

930 2193 1033 2266 cis
1079 2215 1237 2265 eum
1290 2188 1633 2263 invisendi
1680 2186 1978 2259 facultas
2007 2187 2463 2274 conceditur,
2513 2188 2672 2259 cum
2708 2187 3059 2271 omnium,
3109 2208 3192 2261 ut
3221 2212 3345 2261 au-

806 2372 817 2389 ,
938 2290 1100 2372 dio,
1144 2289 1413 2361 calculo
1480 2284 1564 2357 sit
1600 2282 1992 2367 absolutus,
2043 2282 2156 2355 sed
2195 2282 2378 2357 forte
2417 2285 2504 2357 ad
2549 2304 2825 2379 tempus
2853 2284 3094 2379 gratiae
3131 2282 3346 2358 reser-

930 2406 1143 2459 vatur
1165 2435 1189 2471 ,
1240 2406 1379 2477 qua
1424 2378 1654 2455 nescio
1678 2432 1702 2468 ,
1750 2402 1838 2452 an
1899 2378 2152 2451 nullius
2191 2378 2316 2452 fibi
2353 2382 2584 2474 culpae
2603 2376 2920 2453 conscius
2949 2433 2968 2465 ‚
2997 2382 3102 2452 uti
3121 2382 3347 2456 volet.

1032 2478 1149 2551 De
1198 2476 1541 2573 Conjugis
1572 2496 1739 2571 ,ωε
1795 2470 2241 2570 profefflone
2311 2472 2782 2570 superioribus
2835 2475 3056 2573 literis
3120 2478 3206 2549 ad
3265 2496 3350 2551 te

936 2571 1217 2669 fcripfi,
1264 2597 1349 2645 ac
1380 2572 1569 2645 brevi
1600 2570 1791 2667 spem
1832 2574 1990 2666 ejus
2035 2570 2382 2645 adventus
2411 2570 2606 2659 feci,
2637 2571 2918 2667 jamque
2945 2572 3184 2647 illaad
3203 2574 3344 2649 iter

934 2672 1157 2767 plene
1187 2688 1432 2763 parata
1472 2664 1593 2741 est.
1698 2664 1845 2741 Sed
1875 2670 2131 2741 ventos
2159 2666 2903 2763 secundos-expeStare
2927 2667 3192 2746 necess‘e
3217 2669 3341 2741 ha-

932 2768 1058 2841 bet
1089 2816 1111 2850 ,
1164 2767 1286 2860 qui
1328 2766 1557 2863 rarius·
1601 2769 1741 2837 hoc
1785 2782 2103 2859 tempore
2154 2762 2317 2838 flare
2367 2762 2620 2849 solent,
2674 2766 2868 2860 quod
2921 2766 2998 2841 &
3037 2763 3336 2841 fortaffis

933 2860 1049 2942 Re
1098 2862 1283 2933 inam
1339 2858 1639 2933 nostram
1676 2858 1809 2931 hae
1843 2862 1978 2933 iter
2007 2856 2344 2933 facturam·
2377 2858 2855 2937 remorabitur.
2937 2864 2946 2874 ”
3137 2932 3144 2937 .

934 2968 941 2977 “
1038 2886 1155 3030 fib
1210 2955 1487 3031 decimo
1536 2957 1823 3028 denario
1871 2979 2145 3042 rerum,
2191 2976 2353 3053 quae
2381 2958 2771 3039 vendentur
2800 3008 2823 3045 ,
2869 2958 3178 3055 populus
3216 2978 3348 3029 no·

936 3054 1075 3129 ster
1130 3056 1503 3151 plurimum
1564 3054 1892 3126 abhorret
1932 3103 1954 3137 ,
2039 3075 2121 3125 ac
2173 3055 2524 3149 pleraeque
2586 3054 2984 3128 Provinciae
3043 3055 3345 3147 quotam

927 3148 1124 3223 suam
1142 3206 1161 3237 ,
1212 3152 1285 3222 in
1345 3150 1641 3223 duorum
1692 3150 2081 3221 millionu'm
2143 3154 2370 3223 an’nua
2417 3151 2857 3245 praestatione
2891 3202 2913 3236 ,
2978 3148 3345 3223 lubentius

932 3244 1413 3329 consentient,
1462 3267 1621 3341 quae
1656 3248 1864 3317 etiam
1891 3246 2126 3319 mutto
2163 3242 2495 3321 facilioris
2527 3244 2696 3321 effer.
2720 3244 3080 3321 solutionis
3105 3296 3127 3327 ‚
3177 3244 3344 3319 cum

932 3338 1211 3413 ‘exafflo
1258 3342 1546 3413 decimae
1596 3344 1815 3437 partis
1872 3342 2117 3437 pretii,
2169 3343 2348 3417 ultra
2395 3344 2662 3431 multas»,
2709 3340 2998 3417 fraudes
3024 3392 3046 3427 ,
3097 3344 3340 3416 multis

992 3457 1231 3529 uoque
1276 3436 1446 3507 rixis
1486 3434 1882 3531 subjacebit,
1984 3436 2145 3510 Nec
2183 3438 2490 3523 dubito,·
2515 3442 2681 3533 quin
2711 3438 2936 3535 Regia
2971 3436 3345 3531 MajestaS,

934 3459 999 3608 ἓ
1039 3528 1338 3618 adesset,
1386 3532 1636 3627 populi
1687 3530 1791 3608 sui
1824 3534 2170 3627 ,precibus
2230 3536 2492 3631 aliquid
2528 3538 2773 3610 datura
2811 3530 3018 3627 ciret,
3073 3556 3158 3606 ac
3201 3554 3344 3606 tam

936 3629 1218 3715 multis,
1266 3627 1388 3723 qui
1435 3630 1670 3725 culpae
1723 3627 2007 3702 fuerunt
2037 3630 2386 3719 obnoxii,
2505 3633 2756 3715 unitis'‚
2809 3652 3222 3705 caeterorum
3259 3626 3348 3699 fi-

935 3726 1196 3798 delium
1246 3724 1716 3813 subditorum,
1786 3746 2086 3820 quorum
2133 3724 2356 3821 opera
2379 3778 2401 3812 ,
2475 3744 2605 3801 ane
2659 3728 2892 3823 aliqua
2946 3751 3038 3799 ex
3085 3745 3292 3821 parte
3317 3774 3346 3815 ,

934 3817 1148 3915 Resp.
1188 3822 1418 3895 nostra
1450 3820 1860 3898 conservata
1892 3819 2068 3907 fuit,
2119 3823 2457 3897 rationem
2500 3822 2846 3897 habitura.

1032 3915 1357 3991 Gratiam
1406 3914 1744 4014 Regiam,
1792 3935 2005 4013 atque
2053 3918 2535 4013 Apostolicam
2593 3939 2751 3996 ante
2800 3917 3047 3996 festum
3101 3917 3354 3991 Trini-

938 4012 1100 4089 tatis
1140 4014 1663 4109 publicaturum
1689 4013 1757 4088 se
1804 4011 1978 4087 Dux
2019 4013 2358 4111 promifit.
2651 4026 2658 4037 ‘

950 4127 962 4222 j
1030 4106 1147 4189 De
1197 4108 1659 4189 Mercedibus
1710 4130 1938 4187 autem
1973 4162 1998 4203 ,
2069 4112 2178 4186 uti
2242 4134 2373 4187 vos
2423 4115 2691 4190 vocatis
2709 4164 2738 4207 ‚
2787 4114 2967 4189 nihil
3003 4108 3344 4218 haerena?

1050 4239 1073 4257 ⁰
2777 4235 2784 4243 '
3171 4224 3339 4283 cern
