3700 4884
893 340 902 355 '
983 352 1156 476 656
1209 344 1697 457 VIGLII
1749 370 1890 439 An
1946 344 2463 439 AYTTA
2516 310 3275 447 ZUICHEMI'

983 552 1056 629 se
1089 554 1160 627 in
1203 552 1504 627 vicinam
1531 549 1818 621 domum
1862 543 2315 620 Cancenariae
2352 543 2383 639 (
2420 566 2580 642 que
2604 548 2693 621 ad
2716 568 2867 622 earu
2883 540 3384 643 perfestionem

971 648 1285 724 dedutSka
1326 644 1468 732 est,
1513 664 1595 717 ut
1619 643 1919 717 Senatus
1950 641 2052 713 ibi
2086 643 2417 717 habeatur
2460 648 2490 733 )
2540 645 2957 738 recipiente:
2984 641 3157 716 acin
3186 640 3387 736 ipso,

938 778 946 783 ·
989 746 1150 823 cum
1195 744 1278 817 fit
1325 740 1576 815 Senior
1624 740 1694 810 A
1749 760 2065 811 tanorum
2119 735 2524 812 secularium
2543 790 2566 825 ,
2614 737 2771 834 spes
2822 739 3054 833 aliqua
3109 734 3387 813 familie

989 840 1199 915 nobis
1246 834 1552 925 consistit
1587 886 1608 920 ,
1675 764 1742 907 ἕ
1773 832 2155 909 fecundum
2218 834 2434 908 modo
2483 836 2625 907 hoc
2668 835 2805 907 erit
2846 835 3382 913 matrimonium.

990 936 1187 1010 Mihi
1215 956 1446 1009 autem
1477 928 1852 1026 plurimum
1897 931 2093 1002 dolet
2113 979 2138 1015 ‚
2188 928 2381 1023 quod
2414 932 2546 1005 hac
2576 928 2887 1017 molestia
2914 930 3243 1015 familiam
3268 956 3385 1007 ve-

989 1033 1198 1106 stram
1233 1028 1582 1112 affecerit,
1631 1025 2255 1119 Dominationique
2306 1024 2403 1095 T.
2443 1050 2527 1101 ac
2568 1026 2890 1121 conjugi,
2942 1024 3387 1119 caeterisque,

989 1128 1118 1225 qui
1157 1128 1222 1199 ei
1279 1124 1644 1221 aegrotanti
1675 1172 1696 1205 ‚
1747 1122 2213 1217 morientique
2266 1118 2651 1209 adstitistis,
2700 1146 2783 1195 ae
2816 1140 3201 1205 extremum
3240 1120 3386 1193 offi-

987 1224 1174 1297 cium
1225 1240 1364 1299 tam
1417 1216 1801 1293 honorifice
1847 1217 2279 1311 impendistis
2302 1266 2329 1301 ,
2374 1238 2516 1291 non
2552 1212 2903 1311 possumus
2962 1239 3101 1311 ego
3140 1219 3217 1296 δι
3238 1215 3388 1299 fra.-

987 1337 1097 1391 ter
1131 1338 1268 1412 pro
1297 1313 1698 1403 meritis-sat
1725 1314 1967 1407 dignas
2002 1336 2211 1407 agere
2258 1315 2536 1407 gratias.
2636 1312 3109 1387 Denneterius
3146 1316 3239 1395 de
3264 1316 3385 1389 de-

891 1470 899 1479 .
991 1412 1158 1487 bitis
1213 1412 1302 1485 ab
1362 1435 1450 1487 eo
1501 1407 1915 1499 contraffls,
1960 1406 2367 1503 funerisque
2428 1406 2743 1503 expensis
2788 1407 2877 1480 ad
2916 1432 3027 1483 me
3052 1411 3385 1505 quaedam

985 1506 1402 1607 perscripsit.
1494 1503 1766 1580 Verum
1814 1506 1890 1578 in
1932 1502 2019 1578 iis
2062 1523 2469 1579 annotatum
2522 1526 2667 1579 non
2702 1502 2914 1577 video
2950 1526 3123 1601 quae
3140 1504 3243 1579 D.
3282 1505 3385 1579 T.

993 1604 1206 1679 debet
1229 1655 1255 1693 ,
1329 1603 1526 1700 quod
1601 1622 1766 1673 eum
1831 1598 2041 1694 supra
2089 1598 2461 1673 biennium
2509 1596 2541 1693 (
2578 1602 2651 1671 ni
2680 1596 2889 1673 fallor
2926 1600 2959 1692 )
3008 1598 3387 1675 mensa-tua

993 1702 1068 1773 di
1167 1720 1315 1772 atus
1371 1698 1582 1773 fueris
1615 1721 1640 1769 t
1687 1716 1845 1791 quae
1904 1696 2228 1791 equidem
2272 1692 2697 1780 libentiflime
2752 1692 3156 1781 refundam,
3218 1695 3385 1771 cum

972 1796 1072 1893 -ip
1103 1818 1216 1869 um
1248 1798 1472 1867 mo'rs'
1515 1792 1883 1865 raevenerit
1902 1843 1923 1877 ,
1940 1814 2021 1863 ut
2052 1792 2306 1885 gratias
2341 1788 2489 1885 ipse
2520 1810 2765 1883 agere,
2814 1790 3215 1887 referreque
3244 1814 3391 1867 nm:

991 1890 1324 1987 potuerit.
1507 1885 1688 1961 uaeso
1719 1889 2000 1981 itaque,
2042 1889 2139 1959 mi
2174 1883 2670 1970 Heumann,
2720 1904 2801 1959 ut-
2832 1906 2901 1959 te
2944 1910 3086 1961 non
3118 1888 3385 1983 pudeat

989 1990 1188 2082 quod
1235 2004 1514 2078 aequum
1559 1980 1662 2057 est
1707 2003 1750 2053 a
1790 2004 1906 2054 me
1950 1983 2313 2076 accipere,
2362 1978 2525 2053 cum
2558 1979 2729 2053 mihi
2760 2034 2786 2068 ‚
2822 2001 2901 2055 ut
2942 2006 3071 2079 par
3102 1986 3185 2057 in
3220 2004 3392 2059 tuos

985 2104 1434 2166 excercean,
1481 2074 1758 2153 occasio
1797 2098 1941 2151 non
1972 2076 2327 2151 offeratur.
2388 2074 2821 2151 Denneterio
2856 2099 3086 2153 autem
3102 2078 3390 2175 respon·

989 2180 1108 2262 di,
1159 2173 1237 2251 δι
1273 2178 1504 2249 literas
1533 2196 1694 2248 eum
1725 2170 1822 2245 D.
1853 2171 1951 2248 T.
1984 2174 2489 2247 communicare
2527 2169 2705 2257 'uffi,
2750 2194 2837 2245 ex
2874 2173 3071 2270 cujus
3104 2174 3383 2251 senten·

985 2274 1090 2347 tia
1119 2275 1356 2347 omnia
1385 2293 1544 2345 eum
1583 2268 1656 2343 fa
1661 2320 2015 2345 .........
2064 2268 2163 2343 D.
2186 2274 2300 2363 Ag
2348 2290 2491 2344 aeus
2606 2268 3003 2363 eisburgum
3035 2267 3385 2353 fiveHet.

987 2369 1290 2463 bipolim
1334 2368 1661 2462 migravit
1679 2417 1696 2436 .
1745 2384 2035 2463 accepta
2086 2368 2275 2459 apud
2342 2362 2737 2458 *piscopum
2776 2363 3171 2448 consiliarii
3208 2390 3395 2453 con-

990 2465 1264 2537 ditione
1299 2460 1461 2535 satis
1505 2460 1903 2545 luculenta,
1952 2480 2115 2555 quae
2144 2463 2316 2533 mihi
2353 2458 2715 2555 displicere
2746 2468 2891 2542 non
2920 2466 3201 2559 potuit,
3248 2462 3387 2541 nifi

991 2560 1192 2653 quod
1235 2557 1513 2631 timeam
1545 2580 1636 2631 ne
1667 2574 1972 2630 veterem
2010 2558 2099 2630 de
2132 2558 2467 2650 religione
2506 2575 2811 2632 errorem
2844 2582 3168 2635 excutere
3204 2584 3385 2635 non-

991 2654 1162 2726 dum
1211 2652 1430 2749 poffit.
1532 2651 1758 2725 Mitto
1807 2673 2041 2726 autem
2092 2652 2179 2727 ad
2234 2670 2304 2726 te
2338 2650 2761 2727 noviffimam
2790 2654 2933 2751 ejus
2970 2656 3325 2751 epistolam
3350 2706 3391 2743 ,

990 2768 1155 2843 quae
1189 2748 1320 2821 tibi
1341 2799 1365 2833 ‚
1415 2744 1468 2818 fi
1503 2747 1766 2843 aliquid
1797 2747 1891 2820 ad
1922 2770 2083 2821 eum
2116 2746 2415 2821 scribere
2448 2748 2647 2821 voles
2668 2773 3203 2845 ,argumentum
3220 2752 3387 2847 sup-

986 2842 1306 2941 peditare
1352 2846 1648 2939 poterit..
1731 2840 2087 2915 Tzomrno
2140 2844 2212 2918 in
2262 2840 2483 2917 Frifia
2546 2840 2615 2918 se
2650 2848 2967 2921 continet
2986 2900 3011 2935 ‚
3060 2850 3135 2939 ἃ.
3170 2846 3219 2921 fi
3261 2848 3388 2921 ad-

1001 2940 1443 3020 venientibus
1485 2936 2069 3035 Syndieatoribus
2134 2940 2434 3013 obtineri
2480 2944 2780 3034 poterit,
2830 2962 2911 3016 ut
2942 2942 3087 3037 ipse
3118 2946 3199 3018 in
3216 2966 3391 3037 pes·

987 3034 1159 3110 fona
1197 3036 1466 3110 causam
1495 3034 1684 3107 suam
1719 3034 2207 3129 prosequatur,
2260 3033 2446 3109 forte
2491 3036 2820 3131 detegere
2849 3043 3111 3131 poterit
3138 3038 3407 3133 paflioe,

989 3152 1116 3204 nes
1177 3154 1337 3227 quae
1380 3131 1684 3224 Vargam
1727 3132 1802 3201 in
1843 3128 2213 3225 ejussmodi
2263 3130 2665 3203 sententiam
2698 3134 3159 3222 adduxerint,
3206 3157 3407 3227 qua&

989 3226 1418 3321 potimmum
1437 3244 1712 3299 exortas
1735 3250 1824 3299 ex
1846 3248 1933 3299 eo
1952 3224 2191 3301 ferunt
2202 3278 2229 3313 ,
2258 3228 2455 3321 quod
2474 3224 2966 3321 Hispanumab
2989 3229 3389 3303 Tzommo—

991 3342 1084 3395 ne
1129 3322 1502 3417 aliquando
1535 3323 1894 3415 punitum,
1942 3344 2027 3397 ac
2062 3322 2136 3401 in
2172 3327 2319 3396 e’us
2358 3320 2669 3397 officium
2708 3322 3095 3408 intrusum,
3140 3328 3214 3401 in
3262 3348 3382 3402 eo·

991 3417 1156 3489 dem
1191 3438 1637 3501 manutenere
1675 3418 1980 3490 voluerit
2010 3436 2029 3485 .·
2080 3440 2161 3491 ac
2236 3419 2437 3492 e‘mde
2473 3418 2671 3519 quod
2702 3416 2883 3514 Regi
2916 3417 3387 3531 supplicatum

989 3510 1203 3587 fuerit
1219 3539 1242 3597 3
1289 3510 1483 3607 'quod
1537 3508 1632 3584 D.
1691 3510 1794 3586 T.
1847 3514 2171 3609 mihique·
2216 3514 2609 3615 imputavit.
2708 3514 3113 3591 Denneteni
3152 3516 3382 3590 nostri

990 3609 1262 3685 causam
1283 3658 1307 3694 ,
1359 3612 1530 3683 dum·
1551 3628 1791 3681 recens
1825 3606 2043 3707 Regis
2081 3610 2580 3699 est⁸memoria·,
2608 3630 2784 3706 rogo
2812 3620 2892 3684 ut
2910 3632 3403 3710 promoveas,⁸

987 3731 1071 3781 ac
1105 3706 1370 3780 ferrum
1408 3704 1575 3777 dum·
1609 3705 1911 3781 calidum
1947 3702 2089 3789 est,
2133 3706 2387 3789 endas,
2435 3708 3221 3801 antequamis.adveniat
3242 3712 3379 3803 qui

987 3820 1297 3872 evertere
1316 3796 1612 3885 studebit
1693 3800 1987 3897 uidquid
2018 3824 2144 3875 nos
2175 3802 2701 3880 construximus,
2802 3802 2943 3877 His
2963 3804 3143 3879 bene
3169 3810 3331 3879 vale
3352 3856 3383 3894 ,

991 3892 1374 4004 Clariffime
1399 3894 1586 3971 Due.
1618 3822 2057 3999 {osseus
2074 3952 2101 3995 ‚
2146 3918 2230 3979 ac
2254 3898 2431 3981 alias
2454 3898 2542 3981 de
2564 3895 2751 3994 filiis..
2850 3898 3224 3981 Bruxellae.
3260 3921 3401 3977 m..

990 3985 1401 4067 Decembris
1436 4010 1750 4098 uunxpu.
3190 4049 3198 4063 ..
3336 4040 3345 4049 -

1715 4102 1722 4111 ο

3057 4133 3405 4265 „Eur-
3558 4174 3567 4184 '
