3700 4884
902 359 1066 455 702
1123 322 1602 433 mot-11
1653 348 1790 419 AB
1849 282 2353 419 AYTTA
2404 320 3157 422 zulemam
3249 414 3270 421 ,
3388 244 3396 251 “

901 530 1140 605 rimus.
1241 522 1542 617 Jamque
1581 519 1670 593 de
1699 515 1921 592 Frifia
1954 519 2027 589 in
2060 516 2348 591 dubium
2398 516 2759 607 venimus,
2805 538 3021 613 prout
3056 522 3341 598 ert-do-

908 626 1082 696 mini
1132 620 1374 695 Roblii
1417 620 1776 691 literarum
1831 615 2159 708 exemplo
2212 610 2593 708 cognosces
2622 666 2645 699 ,
2694 636 3045 710 occupata
3096 622 3345 711 patria

905 740 1029 791 tua
1091 718 1374 791 Sneca:
1440 736 1522 785 ut
1599 736 1734 807 ego
1813 712 1901 791 de
1978 708 2371 807 Leovardia
2460 731 2605 781 non
2672 712 2917 785 melius
2994 710 3277 809 sperem
3306 768 3339 803 ,

908 814 961 888 st
1019 812 1277 887 vexilla
1310 861 1334 897 ,
1406 832 1565 905 quae
1613 806 1915 881 Roblius
1972 802 2095 881 suo
2156 828 2297 879 aere
2352 806 2731 893 conduxit,
2798 806 2875 881 &
2938 811 3013 881 in
3072 807 3339 887 Gelria

910 908 1256 985 retardata
1327 905 1521 979 fuere
1561 956 1584 989 ,
1679 904 1963 997 longius
2040 901 2494 975 detineantur.
2597 900 2937 997 intelligis
3042 928 3344 998 autem,

917 1028 1125 1101 quam
1156 1004 1494 1099 jaCturam
1541 997 1766 1097 Regia
1799 998 2119 1094 Majestas
2164 995 2430 1071 fastura
2485 994 2613 1082 fit,
2676 996 2731 1071 fi
2788 996 3075 1075 Frifiam
3122 1010 3339 1079 amit-

911 1124 1018 1175 tat
1044 1152 1065 1187 ,
1167 1122 1324 1172 uam
1371 1120 1514 1170 non
1561 1118 1646 1169 ea
1701 1094 2031 1169 facilitate
2098 1092 2383 1165 forsitan
2431 1092 2874 1189 recuperabit
2900 1146 2925 1182 ‚
2994 1098 3137 1191 qua
3192 1124 3343 1177 eae-

916 1220 1102 1275 teras
1183 1192 1544 1267 {ollandiae
1581 1190 1810 1264 urbes.
1874 1188 2039 1284 Ego
2102 1208 2329 1263 autem
2356 1238 2381 1275 ,
2446 1192 2569 1285 qui
2618 1214 2897 1265 omnem
2974 1190 3340 1273 fortunam

918 1316 1202 1379 meam,
1271 1312 1353 1363 ac
1402 1289 1742 1385 quicquid
1791 1288 1834 1361 a
1894 1288 2317 1383 patrimonio
2364 1285 2677 1378 acceffit,
2736 1309 2807 1361 at
2858 1310 2945 1361 ue
2998 1291 3337 1369 industria

919 1412 1074 1463 mea
1127 1408 1256 1483 per
1302 1406 1516 1459 totam
1569 1386 1786 1458 vitam
1841 1379 2220 1479 acquisivi,
2282 1382 2426 1457 illic
2476 1384 2631 1471 (uti
2673 1312 2857 1479 scis3
2904 1388 3333 1469 collocatum

919 1484 1190 1571 habe0‚
1255 1478 1335 1555 δι
1381 1504 1522 1555 uno
1568 1482 1682 1555 die
1730 1478 2048 1575 deperdo
2084 1528 2108 1565 ,
2177 1493 2321 1575 quo
2377 1478 2609 1553 animo
2664 1476 2807 1553 hoc
2866 1480 3337 1559 infortunium

927 1580 1114 1653 ferre
1163 1577 1452 1651 debeam
1477 1628 1502 1659 ,
1550 1572 1696 1673 ipse
1725 1576 2168 1673 perpendere
2200 1575 2492 1671 poteriS.

1024 1673 1142 1747 De
1177 1674 1476 1770 pecunia
1513 1692 1632 1744 tua
1673 1671 1844 1767 quid
1876 1672 2475 1763 impetraverimus
2508 1724 2528 1759 ,
2579 1670 2917 1765 proximis
2958 1672 3132 1749 meis
3170 1676 3329 1752 lite·

927 1768 1020 1845 ris
1063 1769 1151 1841 ad
1193 1790 1259 1841 te
1289 1766 1546 1863 scripfi.
1643 1765 1923 1840 Interea
1956 1786 2107 1839 tuas
2163 1788 2270 1839 tx,
2316 1767 2613 1859 Augusti
2666 1770 2857 1842 datas
2898 1775 3164 1867 accepi.

1031 1862 1218 1937 Cum
1273 1864 1586 1937 Statibus
1635 1864 1755 1935 hic
1809 1858 2268 1957 praesentibus
2334 1882 2600 1955 magnae
2643 1864 2847 1935 nobis
2894 1864 3339 1943 difficultates

933 1960 1134 2046 sunt,
1183 1961 1348 2032 inde
1395 1958 1812 2054 potissimum
1860 1958 2247 2031 exorientes
2276 2006 2300 2043 ,
2348 1956 2543 2053 quod
2587 1960 3055 2034 omnimodam
3086 1966 3337 2039 decimi

935 2058 1202 2131 denarii
1249 2054 1696 2129 abolitionem
1733 2074 2025 2149 petant,
2076 2050 2219 2126 fine
2253 2076 2391 2147 qua
2426 2056 2773 2150 populum
2814 2058 3111 2150 quietari
3144 2058 3339 2155 pofl'e

937 2176 1028 2227 ne
1080 2172 1197 2227 ant
1234 2204 1256 2241 ,
1303 2148 1380 2223 &
1435 2153 1630 2247 quod
1691 2148 2160 2242 surrogabitur
2195 2199 2218 2233 ,
2280 2169 2362 2220 ut
2421 2169 2849 2245 perpetuum
2892 2150 3031 2243 fit,
3094 2180 3343 2232 omnes

936 2272 1057 2329 rec
1087 2264 1319 2321 amant
1347 2297 1370 2335 ,
1421 2248 1852 2343 cupiuntque
1920 2265 2221 2317 veterem
2272 2266 2533 2318 morem
2588 2247 2903 2336 restitui,
2968 2272 3049 2325 ut
3094 2253 3169 2323 in
3216 2247 3341 2326 ali-

937 2362 1117 2441 quot
1164 2364 1384 2415 annos
1454 2342 2000 2423 consentientes,
2050 2339 2209 2434 post
2252 2360 2374 2413 eos
2412 2341 2771 2437 expletos,
2825 2346 3015 2417 'uxta
3066 2348 3339 2423 neceffi-

938 2460 1116 2513 tates
1155 2438 1472 2534 publicas
1515 2434 2011 2531 facultatesque
2042 2436 2468 2519 Provinciae,
2503 2434 2794 2511 subsidia
2924 2439 3141 2537 incipi
3164 2463 3343 2541 prae-

941 2536 1221 2608 stentur.
1320 2532 1509 2605 Nam
1557 2552 1638 2604 ut
1685 2554 1797 2606 res
1845 2532 2134 2615 nostrae,
2184 2554 2370 2607 nunc
2415 2530 2607 2621 sunt,
2652 2536 2779 2605 vix
2826 2559 3142 2631 quartam
3192 2562 3351 2635 par-

940 2650 1084 2704 tem
1148 2630 1295 2725 ejus
1357 2626 1678 2723 praestare
1739 2624 1935 2723 poss'e
2000 2626 2293 2713 vident,
2377 2632 2567 2720 quod
2632 2648 2834 2704 antea
2894 2636 3061 2705 dare
3122 2634 3347 2709 solitae

938 2724 1117 2801 sunt.
1213 2724 1589 2819 Ingruente
1635 2744 1868 2797 autem
1914 2722 2300 2799 necestitate
2344 2720 2577 2798 officio
2622 2723 2749 2797 suo
2794 2750 2937 2801 non
2984 2727 3350 2808 defuturos

937 2822 1381 2921 pollicentur.

1039 2914 1157 2989 De
1193 2912 1562 2989 Praefidatu
1595 2912 2023 3009 Burgundiae
2056 2908 2511 3010 'suscipiendo
2563 2936 2724 2989 cum
2782 2918 3177 3013 aliquibus,
3224 2926 3343 3018 qui

947 3036 1094 3087 non
1147 3013 1460 3093 inidonei
1509 3012 1968 3096 videbantur,
2020 3010 2144 3084 hic
2201 3013 2505 3105 egimus,
2554 3013 2797 3086 verum
2844 3018 3019 3089 nulli
3072 3018 3345 3115 persua-

954 3114 1121 3183 dere
1153 3110 1508 3205 potuimus
1533 3156 1558 3193 ,
1607 3126 1688 3179 ut
1711 3127 1862 3179 eam
1897 3100 2370 3181 conditio'nem
2410 3106 2597 3203 apud
2634 3133 2783 3183 eam
2818 3134 3145 3205 gentem,
3194 3139 3347 3212 quae

953 3226 1235 3278 exteros
1272 3226 1414 3277 non
1446 3200 1607 3277 satis
1653 3202 1833 3285 fert,
1888 3202 1962 3275 &
2002 3222 2126 3296 per
2177 3202 2244 3275 se
2297 3206 2527 3277 multis
2564 3204 2979 3298 pastionibus
3010 3212 3346 3305 agitatur,

952 3298 1292 3393 suscipere
1331 3300 1576 3372 vellet.
1681 3296 1778 3372 Et
1819 3296 2055 3370 Urdio
2093 3300 2179 3373 ad
2228 3322 2375 3372 eam
2420 3300 2673 3373 author
2720 3299 2853 3376 ess'e
2895 3328 3039 3377 non
3079 3308 3348 3395 audeo,

958 3396 1247 3469 &illum
1281 3416 1558 3491 quoque
1593 3396 1775 3560 apsud
1801 3389 2079 3466 Ducem
2108 3416 2251 3467 non
2270 3418 2594 3491 magnum
2616 3396 2930 3473 favorem
2948 3401 3357 3493 habiturum

954 3490 1269 3564 existimo
1295 3541 1316 3581 ,
1367 3510 1576 3585 quem
1707 3491 1937 3584 argius
1960 3539 1983 3573 2
2032 3490 2127 3565 ob
2158 3490 2501 3567 Rollemae
2524 3492 2931 3587 diligentem
2964 3520 3045 3573 ac
3076 3498 3347 3573 fidelem

958 3582 1468 3671 defensionem,
1514 3584 1723 3681 plane
1751 3586 2007 3659 avertit
2026 3637 2049 3671 ,
2096 3610 2301 3681 quem
2330 3606 2559 3663 tamen
2590 3614 2722 3687 ego
2754 3593 3040 3669 meliore
3066 3593 3351 3673 fortuna

956 3682 1510 3777 conditioneque
1563 3682 1850 3774 dignum
1904 3682 2307 3755 existimavi.

1061 3779 1152 3852 D.
1209 3777 1564 3853 Geraldus
1603 3780 1692 3851 de
1737 3774 1941 3850 rebus
1975 3779 2288 3873 Anglicis
2357 3801 2499 3852 non
2538 3784 2822 3856 omnino
2860 3809 3044 3861 vana
3088 3810 3351 3879 narrat,

963 3896 1358 3969 quanquam
1400 3874 1931 3959 CouttewilliO,
1982 3896 2065 3948 ac
2106 3896 2253 3957 me,
2298 3898 2432 3970 pro
2476 3876 2689 3951 Milio
2726 3882 3355 3973 intercedentibus,

965 3968 1140 4049 nihil
1173 3975 1316 4041 e'us
1370 3972 1741 4067 impetrare
1789 3972 2191 4067 potuimus,
2244 3975 2319 4049 δι
2368 3968 2418 4041 fi
2471 3974 2709 4069 aliqua
2746 3978 3025 4053 licentia
3074 3984 3143 4055 ei
3198 4004 3359 4058 con-

965 4060 1144 4137 cess'a
1209 4064 1387 4135 uerit
1427 4069 1664 4163 (quod
1700 4090 1833 4161 ego
1883 4064 2193 4165 ignoro)
2242 4066 2549 4145 Ducales
2590 4070 2717 4143 fibi
2764 4075 2835 4145 id
2886 4076 3105 4173 magis
3154 4080 3361 4173 quam

947 4156 1167 4267 ‚nobis
1230 4158 1473 4239 deberi
1521 4162 1830 4270 voluiss'e
1860 4180 2173 4239 autumo.
2274 4162 2503 4255 Quod
2554 4165 2605 4243 fi
2663 4189 2897 4248 autem
2959 4172 3369 4271 permissum

1934 4332 1957 4379 Ι
2032 4365 2045 4381 ο
2098 4342 2117 4379 ,.
2174 4320 2203 4377 s
2954 4272 2965 4339 ἑ
3038 4266 3373 4367 ‘fuiffet,'
