3700 4884
947 337 1115 512 &46
1168 381 1645 490 VIGLII
1701 379 2405 476 AB'AYTTA
2450 371 3217 476 zulemam
3266 303 3314 402 ‘-

1040 587 1187 700 sui
1239 579 1588 715 Lovcinii
1645 576 1906 702 erudiit
1924 635 1955 684 ,
2016 573 2241 690 quod
2292 573 2671 686 visitans,
2724 577 2811 664 in
2872 572 3358 723 optimolla-

1045 719 1161 810 ‘tu
1235 712 1567 810 repent.
2554 749 2562 756 -

958 921 1213 1092 CL.
1265 921 1356 994 D.
1409 919 1883 992 Horu-:am
1938 913 2210 1012 Accepi
2272 916 2507 990 literas
2570 934 2763 1004 ωας,
2816 910 3078 1011 quibus
3126 917 3360 992 datum

826 1027 836 1037 '
1173 1039 1316 1092 non
1351 1035 1494 1090 erat
1535 1013 2003 1110 adscriptum,
2052 1009 2171 1084 sed
2224 1035 2316 1086 ex
2350 1014 2479 1099 iis,
2528 1035 2701 1107 quas
2740 1009 3208 1087 Denneterius
3244 1037 3359 1088 eo-

957 1115 1118 1186 dem
1153 1135 1470 1208 tempore
1503 1111 1590 1184 ad
1623 1133 1733 1183 me
1753 1111 1981 1199 dedit,
2032 1111 2334 1204 collegi,
2358 1108 2483 1183 sub
2504 1131 2639 1182 xn.
2668 1108 2871 1204 hujus
2904 1105 3149 1182 menfis
3178 1108 3363 1184 diem

955 1209 1244 1306 scriptas
1289 1205 1509 1283 fuiss'e.
1615 1205 1903 1280 Utinam
1954 1226 2128 1278 vero
2160 1207 2549 1301 Callipides
2590 1207 2713 1278 ille
2751 1203 3127 1301 aliquando
3160 1191 3379 1282 advel

953 1307 1144 1396 niat,
1191 1307 1310 1402 qui
1365 1325 1447 1378 ea
1515 1303 1718 1378 nobis
1777 1301 2044 1386 adferat
2075 1353 2098 1386 ,
2170 1323 2326 1397 quae
2374 1306 2521 1398 jam
2568 1301 2833 1375 dudum
2888 1298 3377 1398 expefihmus.·
3446 1350 3455 1354 -

953 1400 1186 1476 Circa·
1210 1401 1652 1475 Harlemiurn
1682 1397 1915 1473 adhuc
1961 1398 2365 1488 laboratur,
2416 1397 2489 1472 δι
2518 1395 2742 1472 Ducis
2784 1393 3001 1472 nostri
3090 1400 3357 1474 uotidie

954 1499 1276 1574 acerbior
1329 1497 1601 1571 animus
1658 1497 2019 1581 redditur,
2072 1489 2155 1569 ἕο
2209 1517 2352 1568 non
2396 1513 2671 1568 tantum
2694 1493 3020 1568 adversus
3136 1496 3359 1569 ollan-

955 1597 1126 1679 dos,
1173 1593 1290 1670 sed
1323 1615 1560 1668 omnes
1594 1613 1774 1688 pene
1810 1589 2051 1664 Status
2099 1589 2487 1686 indignatio
2534 1594 2681 1687 ejus
2732 1589 2977 1664 crescit
3008 1613 3029 1664 z
3062 1591 3361 1668 veritus·

955 1713 1095 1786 que
1142 1693 1448 1787 populus
1485 1715 1571 1762 ne
1601 1691 1676 1764 in
1711 1686 1778 1761 se
1811 1710 2002 1760 arma
2033 1708 2579 1775 convertantur,
2626 1685 2973 1783 prosperis
3012 1687 3199 1762 illius
3249 1713 3355 1762 re-

953 1787 1086 1863 bus
1116 1791 1340 1861 minus
1381 1783 1560 1859 affici
1605 1783 1933 1869 videtur,
1981 1805 2063 1860 ac
2100 1787 2384 1880 gratiae,
2434 1807 2641 1880 quarn
2672 1785 2787 1857 ille
2817 1777 3103 1859 forsitan
3140 1783 3355 1881 Maje-

953 1883 1144 1956 statis
1175 1881 1316 1984 [αξξ
1351 1885 1632 1955 nomine
1683 1880 2033 1976 promittit
2054 1930 2077 1963 ,
2124 1884 2249 1953 vix
2288 1877 2387 1953 est
2422 1899 2503 1952 ut
2534 1877 2893 1978 quisquam
2928 1879 3144 1956 fidere
3170 1883 3351 1956 velle

953 1981 1296 2054 videatur.
1398 1978 1515 2050 Sic
1587 1977 1815 2072 juguli
1874 1975 2087 2048 nostri
2138 1973 2263 2050 sub
2320 1977 2607 2072 ancipiti
2666 1976 2903 2072 gladio
2952 1977 3347 2071 periclitan-

838 2104 856 2114 ³
951 2095 1110 2163 tur,
1163 2076 1203 2150 a
1257 2098 1401 2169 quo
1461 2071 1584 2146 nifi
1639 2075 1877 2146 divina
1930 2067 2292 2170 Regia'que
2328 2073 2552 2169 gratia
2584 2095 2719 2166 ,nos
2748 2072 2953 2148 brevi
2986 2075 3349 2170 exemerit,

954 2171 1154 2246 multi
1203 2171 1372 2244 boni
1421 2173 1558 2244 viri
1613 2171 1750 2244 alio
1799 2171 2133 2264 cogitant.
2234 2167 2353 2241 De
2413 2171 2711 2264 pecunia
2764 2187 2883 2241 tua
2936 2170 3114 2242 nihil
3150 2223 3173 2258 ,
3227 2165 3349 2243 nili

920 2266 1174 2342 ‘verba
1203 2267 1650 2363 impetramus
1675 2316 1697 2348 ,
1747 2289 1881 2340 nec
1908 2265 2007 2338 est
2044 2267 2239 2358 quod
2270 2261 2475 2360 super
2512 2267 2634 2338 illa
2664 2261 3191 2339 fundamentum
3230 2263 3361 2340 ali-'

953 2365 1150 2531 giod
1213 2361 1448 2454 facias,
1547 2361 1894 2436 Martinus
1954 2367 2099 2430 nan
2113 2362 2249 2430 heu
2268 2360 2547 2446 bewe!
2604 2362 2693 2433 ad
2740 2382 2953 2457 quem
2999 2361 3348 2437 noviffime'

1035 2484 1129 2532 ux
1187 2457 1602 2532 solutionem
1653 2455 1948 2543 remisit,
1998 2451 2043 2528 ὲ
2084 2459 2267 2534 vivis
2312 2455 2498 2532 hisce
2536 2456 2783 2532 diebus
2817 2457 3127 2532 sublatus
3170 2456 3344 2549 fuit,

955 2579 1090 2630 nec
1135 2556 1328 2649 apud
1387 2577 1546 2626 eum
1593 2557 1776 2628 ullus
1811 2552 1949 2628 fuit
1989 2553 2263 2628 relictus
2296 2555 2586 2637 oboluS,
2634 2554 2732 2651 ita
2763 2557 2992 2628 omnia
3028 2555 3202 2628 belli
3231 2577 3343 2629 ne·

957 2649 1214 2724 ceffitas
1263 2651 1601 2727 exhaurit.
1705 2649 1804 2724 Et
1863 2669 2153 2735 vereor,
2202 2672 2293 2723 ne
2351 2649 2769 2723 Cancellarii
2816 2649 3083 2725 Gelriae
3104 2702 3130 2739 ,
3172 2647 3341 2725 Bru·

954 2748 1292 2842 xelliique
1355 2745 1587 2830 viduis
1653 2748 1837 2820 idem
1902 2746 2194 2820 accidat.
2296 2743 2533 2820 Doleo
2592 2765 2821 2819 autem
2880 2747 3341 2824 courtewillii

951 2845 1215 2916 nullam
1263 2841 1502 2916 haberi
1545 2843 1881 2916 rationem
1900 2891 1926 2928 ,
1976 2843 2053 2916 &
2092 2864 2345 2915 vereor
2389 2867 2477 2917 ne
2530 2841 2780 2916 frustra
2814 2843 3217 2938 expeRetur
3244 2843 3341 2917 fa-

949 2939 1263 3012 voi-abile
1313 2940 1600 3034 aliquod
1637 2935 1867 3010 Ducis
1920 2935 2355 3032 responsum,
2406 2936 2563 3013 cnm
2610 2943 2757 3034 ejus
2788 2941 3031 3013 merita
3068 2941 3341 3036 jaihdu·

949 3037 1120 3109 dnm
1171 3034 1514 3110 oblivioni
1565 3035 1822 3108 tradita
1868 3027 2000 3104 effe
2028 3033 2425 3108 videantur.
2524 3031 2623 3108 Et
2662 3032 2710 3107 fi
2744 3031 3097 3110 Buchonis
3122 3087 3145 3123 ,
3190 3037 3341 3110 Wi-

946 3129 1332 3227 brandique
1369 3151 1707 3227 nepotum
1733 3151 2045 3202 meorum
2072 3133 2443 3224 negocium
2478 3134 2566 3204 ad
2602 3131 2896 3204 eundem
2914 3132 3337 3220 remittetur,

947 3250 1092 3300 non
1123 3225 1222 3300 est
1266 3232 1458 3319 quod
1495 3228 1869 3324 quicquam
1899 3222 2169 3320 sperem
2199 3277 2225 3314 ,
2272 3223 2433 3298 cum
2463 3227 2582 3300 ille
2624 3227 2939 3300 nonnihil
2976 3227 3336 3304 adversum

947 3341 1059 3394 me
1089 3319 1442 3411 offensus,
1491 3325 1684 3420 quod
1719 3321 2003 3395 liberius
2034 3335 2531 3417 nonnunquam
2562 3321 2968 3398 sententiam
3004 3323 3339 3410 dixerim,

947 3441 1092 3494 non
1135 3439 1198 3489 ae
1247 3439 1342 3490 uo
1387 3441 1497 3494 me
1549 3417 1834 3515 aspiciat
1887 3421 2118 3492 oculo.
2220 3419 2318 3492 Et
2364 3415 2523 3492 cum
2580 3419 2870 3516 Regiam
2908 3419 3335 3516 Majestatem

943 3513 1160 3610 ipsam
1227 3515 1474 3588 ervitia
1517 3522 1666 3588 mea
1697 3537 1836 3587 non
1868 3516 2167 3602 lateant,
2219 3515 2293 3590 &
2328 3513 2610 3589 confilia
2642 3539 2784 3590 non
2818 3517 3091 3611 ingrata
3120 3513 3185 3593 'ei
3204 3518 3333 3594 ess'e

3384 157 3430 173 l

941 3609 1240 3700 scribas,
1285 3611 1462 3683 illud
1516 3609 1668 3683 sane
1716 3607 2211 3698 desiderarem,
2276 3631 2359 3684 ut
2412 3613 2653 3708 potius
2705 3632 2962 3708 gratias
3020 3613 3088 3688 ei
3134 3635 3335 3710 agere
3456 3671 3467 3680 .

941 3707 1181 3802 pofiim
1201 3757 1224 3793 ‚
1274 3705 1483 3802 quam
1541 3709 1630 3780 ad
1691 3706 1901 3782 alium
1954 3707 2250 3792 remitti,
2302 3709 2422 3803 qui
2466 3707 2845 3802 Majestatis
2872 3707 3015 3784 suae
3044 3711 3332 3808 gratiam

943 3827 1026 3876 ae
1061 3802 1376 3878 favorem
1413 3804 1633 3900 magis
1669 3821 1943 3876 avertat
1962 3852 1985 3888 ,
2032 3801 2241 3897 quarn
2276 3825 2709 3897 promoveat.

1035 3895 1224 3974 Cum
1279 3897 1468 3995 (49)
1525 3898 1979 3976 Indeveidiua
1999 3947 2025 3988 ,
2072 3897 2674 3997 Affonwiniusque
2701 3897 2901 3998 (50)
2947 3899 3328 4087 requigg'ssi:

1019 4180 1189 4266 (49)
1231 4181 1658 4270 Indeveldius]
1707 4225 1754 4258 n
1787 4186 2051 4280 Meffire
2074 4186 2365 4255 Nicolas
2390 4187 2685 4257 Micault
2722 4184 3137 4265 chevalier,
3180 4171 3317 4258 'sei-

930 4305 980 4344 ‚‚
1014 4283 1234 4352 gneur
1295 4265 1808 4345 d’lndervelde‚
1853 4268 2145 4406 d’Oirp,
2188 4270 2537 4422 liuiffinge
2584 4271 2727 4344 ἃς,
2807 4275 2868 4342 11
2907 4271 3319 4434 fuffffilseffiffi
