3700 4884
981 49 1013 68 s

307 381 1000 480 EPISTOLAE
1051 381 1232 476 AD
1286 381 1720 492 JOACH.
1775 378 2496 541 HOPPERUM,
2524 411 2698 503 ⁴707

355 574 640 776 {fica
661 573 862 715 sue.
947 575 1098 666 De
1157 539 1753 692 &afflatione
1780 574 2167 668 bonoram
2206 582 2685 673 Admiratm

247 725 261 734 ·
333 747 348 754 -
447 715 774 779 ranctae.
841 707 851 714 ’
1049 735 1054 742 ·
1505 733 1512 742 ·
2032 735 2040 740 ·⁴

164 924 182 938 ³
421 891 519 968 L.
577 893 672 968 D.
741 892 1218 970 Hoprznn.
1283 893 1629 970 Favorem
1692 917 1898 992 quem
1969 891 2067 968 D.
2118 895 2211 968 V.
2264 897 2337 969 in
2389 897 2678 992 negotio

476 990 980 1066 Univerlitatis
1033 991 1330 1062 Dolanae
1385 995 1761 1088 pollicetur
1804 993 1879 1063 in
1934 995 2068 1064 mei
2094 1044 2117 1076 ,
2172 993 2677 1088 Wibrandique
2758 1025 2769 1040 ·

235 1089 600 1183 gratiam,
653 1088 1086 1182 gratiffimum
1121 1087 1371 1184 habeo,
1403 1089 1406 1091 “
1472 1085 1882 1160 Resolutum
1915 1107 2140 1160 autem
2178 1108 2327 1161 erat
2359 1088 2503 1184 jam
2532 1091 2677 1184 pri·

239 1185 416 1256 dem
474 1185 676 1278 apud
713 1184 1027 1268 Ducem,
1077 1183 1151 1252 id
1203 1183 1395 1274 quod
1439 1185 1623 1255 circa
1686 1184 1863 1254 illud
1914 1181 2105 1278 Regi
2160 1177 2673 1280 suggerentium

239 1278 688 1364 videbatur,
738 1279 854 1353 sed
895 1299 1082 1352 mors
1137 1275 1606 1350 Courtewillii
1631 1326 1651 1363 ,
1717 1276 2347 1375 occupationesque
2394 1281 2673 1353 bellicae

150 1445 182 1468 ,,
237 1375 528 1468 quibus
595 1373 864 1448 Bertius
925 1374 1426 1461 secretarius,'
1469 1372 1631 1470 (cui
1699 1371 1848 1468 ejus
1926 1378 2282 1471 expeditio
2344 1376 2671 1451 mandata
2754 1433 2769 1464 x,

239 1469 440 1559 fuit)
501 1472 897 1556 detinetur,
946 1467 1278 1542 hastenus
1320 1493 1467 1544 eam
1503 1468 1660 1544 sunt
1725 1493 2107 1543 remoratae.

346 1563 731 1654 Lubenter
771 1587 1054 1661 quoque
1097 1567 1412 1640 intellexi
1460 1564 1943 1641 liberalitatem
1991 1567 2241 1664 Regiae
2291 1566 2673 1664 Majestatis

240 1683 423 1756 erga
475 1661 1020 1736 Univerlitatem
1073 1661 1596 1735 Lovaniensem.
1700 1661 1841 1735 Sed
1892 1663 2139 1736 incidit
2190 1667 2513 1760 quaedam
2552 1687 2669 1736 ne·

239 1755 418 1830 bula
455 1781 552 1830 ex
597 1757 988 1832 infortunio
1030 1759 1328 1830 civitatis
1384 1757 1873 1845 LovanienIiS,
1972 1761 2113 1834 uod
2164 1760 2237 1833 δε
2308 1759 2667 1836 Univerli·

241 1871 470 1926 tatem
508 1856 697 1926 illam
752 1855 1097 1928 involvit:
1149 1853 1672 1948 gravissimeque
1703 1857 1866 1925 tulit
1990 1878 2081 1927 ux
2124 1854 2351 1929 noster
2398 1862 2667 1952 capitu-

241 1951 594 2022 lationem
629 1965 786 2022 eum
831 1947 1188 2040 Principe
1235 1949 1631 2024 Auraicenfi
1682 1949 1965 2038 initam,
2014 1953 2084 2021 in
2116 1975 2329 2046 quam
2371 1955 2445 2027 &
2487 1951 2669 2024 Uni-

243 2043 556 2118 versitas
585 2041 932 2138 pertracta
982 2042 1135 2115 fuit.
1239 2042 1338 2115 Et
1381 2065 1614 2130 certe,
1664 2067 1822 2138 quae
1855 2045 1940 2116 de
1980 2043 2326 2141 Principis
2354 2047 2665 2142 suscepta

239 2138 738 2234 protefflone,
785 2143 1106 2216 libertate
1147 2138 1578 2232 Religionis,
1629 2163 1710 2213 ac
1742 2141 2118 2215 abolitione
2152 2139 2661 2236 InquifitioniS,

243 2237 342 2310 ea'
385 2237 751 2322 continet,
801 2235 1348 2330 indignationem
1390 2256 1820 2308 mererentur
1878 2237 2264 2332 Majestatis
2304 2236 2476 2324 suae,
2530 2237 2661 2312 niff

197 2334 362 2404 'vis
419 2331 644 2426 maj0r
711 2333 848 2424 (ne
909 2333 984 2402 in
1035 2329 1503 2402 omnimodam
1552 2333 1821 2404 ruinam
1897 2333 2455 2422 adducerentur)
2522 2337 2663 2408 hoc

241 2426 666 2501 extorfiss'et.
765 2424 1054 2500 Faciam
1093 2446 1321 2499 autem
1352 2447 1520 2499 mox
1561 2425 1981 2500 excusavere
2002 2461 2025 2514 3
2077 2430 2149 2502 &
2186 2433 2271 2502 ad
2306 2431 2659 2525 pristinam

243 2522 472 2597 fidem
526 2524 1130 2620 obedientiamque
1177 2523 1480 2596 rediere:
1543 2525 1796 2616 quibus
1847 2525 2039 2618 apud
2088 2521 2379 2620 Regiam
2436 2525 2661 2620 Maje-

248 2617 509 2693 statem
543 2619 636 2692 D.
686 2620 777 2692 V.
830 2619 1254 2715 patrocinari
1295 2619 1736 2712 dignabitur,
1789 2643 1879 2693 ne
1928 2621 2098 2720 quid
2154 2615 2436 2694 offenfae
2468 2620 2655 2717 apud

253 2737 408 2787 eam
463 2718 846 2790 incurrant.
946 2715 1143 2787 Inter
1194 2735 1434 2787 omnes
1471 2717 1654 2788 enim
1707 2716 1955 2804 urbeS,
2007 2739 2168 2813 quae
2188 2710 2507 2814 {liquam
2551 2719 2658 2791 his

248 2810 849 2905 perturbatiffimis
899 2809 1332 2907 temporibus
1392 2813 1670 2906 culpam
1726 2835 2185 2899 contraxere,
2253 2815 2661 2887 excusat-iffi-

253 2929 370 2979 ma
435 2910 611 2981 mihi
656 2911 937 2982 videtur
985 2904 1436 2980 Lovanienfis
1487 2909 1780 2994 civitaS,
1828 2931 1989 3004 quae
2044 2907 2357 2983 hostibus
2408 2912 2658 2982 moenia

253 3005 838 3099 oppugnantibus
873 3005 1222 3077 fortiffime
1275 3000 1564 3089 restitit,
1617 3005 1981 3091 &‘caedi8,
2030 3004 2401 3101 totalisque
2436 3009 2654 3078 ruinae

252 3103 663 3193 periculum
709 3100 834 3173 ista
877 3099 1372 3194 capitulatione
1423 3102 1739 3174 evitavit.

257 3231 264 3239 ·
354 3193 550 3282 Quis
582 3213 812 3268 autem
847 3199 1049 3292 hujus
1101 3192 1354 3266 nostrae
1411 3195 1623 3267 urbis
1665 3192 1876 3269 status
1932 3193 2147 3268 fuerit
2194 3191 2293 3268 D.
2344 3193 2435 3268 V.
2488 3219 2656 3270 con-

247 3290 516 3384 je&are
551 3294 854 3384 poterit,
906 3293 1066 3364 cum
1109 3291 1219 3362 bis
1275 3309 1402 3360 nos
1439 3289 1786 3383 Principis
1833 3292 2216 3364 exercitum
2261 3292 2336 3364 in
2382 3289 2654 3390 Creyn-
2752 3347 2761 3356 -

255 3387 470 3472 hem,
524 3409 606 3460 ac
639 3388 889 3459 vicinis
931 3388 1128 3481 pagis
1185 3383 1787 3478 conspexerimus3
1838 3411 1969 3461 nec
2017 3391 2275 3462 civium
2325 3391 2655 3462 militum-

254 3501 402 3576 que
455 3503 536 3555 ea
577 3481 782 3555 nobis
810 3482 1176 3564 videretur,
1212 3482 1628 3570 concordia,
1685 3505 1893 3578 quam
1924 3485 2219 3576 periculi
2248 3508 2355 3557 ma
2408 3487 2657 3562 nitudo

257 3577 686 3677 requirebat.
790 3575 1054 3650 Verum
1085 3573 1334 3652 Deus
1383 3579 1732 3672 propitius
1769 3582 2093 3674 graviora
2144 3581 2325 3654 mala
2451 3581 2654 3655 nobis

258 3677 554 3763 avertit,
605 3675 997 3768 vicinaeque
1031 3671 1278 3756 urbes»,
1329 3697 1486 3768 quae
1539 3675 1879 3771 Principis
1932 3674 2143 3755 fidem
2203 3675 2453 3748 secutae
2506 3675 2654 3750 fue·

258 3785 455 3855 rant,
496 3793 748 3866 magno
773 3769 894 3844 suo
953 3774 1212 3843 damno
1253 3767 1560 3843 reductae
1600 3771 1774 3846 sunt.
1878 3770 2067 3846 Inter
2128 3790 2302 3866 quas
2358 3769 2657 3846 Mechli-

255 3865 413 3952 nia,
487 3865 1162 3960 Teneramundaque
1221 3869 1526 3940 extrema
1571 3867 1724 3941 sunt
1767 3865 2016 3962 paffae,
2084 3888 2215 3940 nec
2259 3890 2433 3939 meae
2481 3893 2655 3966 quo-

257 3981 398 4058 que
457 3965 642 4055 apud
708 3960 1314 4036 Teneramundam
1359 3964 1541 4035 aedes
1597 3965 1634 4036 a
1701 3963 1941 4058 praeda
2032 3961 2367 4035 immunes
2432 3963 2652 4040 fuere.
2734 3955 2751 3969 “

255 4052 482 4140 Haec,
531 4058 625 4124 mi
657 4057 1114 4136 Hormina
1140 4108 1165 4145 ,
1214 4057 1373 4132 cum
1439 4063 1713 4131 mecum
1769 4053 2237 4144 confiderem,
2303 4060 2659 4158 indisposi-

255 4151 705 4243 tionemque,
752 4171 1064 4237 aetatem,
1115 4173 1195 4224 ac
1223 4155 1694 4238 valetudinem
1735 4176 1957 4228 meam
1990 4157 2461 4250 perpendam,
2510 4181 2657 4232 non

253 4243 522 4340 possum
553 4268 700 4321 non
750 4242 1161 4324 desiderium
1227 4263 1618 4348 votumque
1680 4273 1909 4330 meum
1971 4271 2134 4328 cum
2186 4255 2376 4330 omni
2428 4253 2661 4420 stud-io

277 4377 296 4412 t
1442 4399 1452 4407 -
1886 4398 1895 4411 .
2415 4369 2547 4446 Pro
2579 4371 2650 4420 e·

2514 4663 2557 4681 Q
