3700 4884
502 302 1149 447 EPISTOLAE‘
1198 320 1381 417 AD
1411 322 1461 436 J
1463 322 1842 437 OACH.
1877 323 2480 427 HOPPERU
2480 330 2606 427 M.
2660 358 2834 457 429

420 517 467 591 a
517 516 820 593 Galema
852 538 1061 617 poena
1105 537 1513 613 exemptum
1548 539 1926 615 cuperem,
1972 524 2162 615 quod
2189 524 2250 595 is
2301 516 2616 599 Praefidis
2657 528 2829 602 olim

322 676 341 683 -
374 674 383 683 ,
416 612 805 698 Hoxvirii,
854 615 1027 687 mihi
1056 610 1622 711 conjunfflffimi,
1672 638 1759 688 ex
1806 614 2047 703 sorore
2096 614 2179 691 fit
2227 641 2488 714 nepos,
2541 644 2624 695 ac
2679 622 2831 699 De..

424 712 741 785 kamanis
773 714 1095 785 omnibus
1115 760 1139 795 ‚
1190 712 1313 805 qui
1336 708 1710 784 fideliffime
1745 712 1821 783 in
1871 713 1982 785 his
2023 712 2243 787 turbis
2275 712 2408 789 sese
2438 716 2826 811 gesserunt,

418 810 825 905 propinqua
859 808 1277 904 cognatione
1316 809 1674 900 jungatur.

518 904 841 1003 Hesi'elus
890 905 1155 999 Aysma
1211 902 1561 998 Syndicus
1605 898 2110 997 Groningenfis
2156 922 2294 997 pro
2343 903 2532 979 dicio
2565 906 2830 986 sifrido

418 1004 789 1099 privigne,
842 999 1211 1075 enixissime
1257 1021 1541 1094 quoque
1580 999 1795 1072 literis
1827 995 1962 1070 suis
2008 1020 2280 1075 mecum
2324 1005 2469 1096 egit
2500 1053 2523 1090 ,
2573 1003 2689 1075 sed
2721 1030 2831 1079 me

267 1176 295 1183 ῳ
422 1098 511 1171 ab
546 1122 633 1171 eo
668 1099 989 1170 nonnihil
1038 1096 1333 1183 alienat,
1381 1091 1576 1189 quod
1627 1094 1824 1165 illum
1876 1116 1912 1164 a
1968 1093 2062 1165 ud
2134 1094 2580 1191 Groningam
2625 1104 2830 1174 novis

416 1191 605 1267 hisce
644 1190 1101 1287 opinionibus
1136 1192 1293 1284 plus
1354 1189 1515 1262 satis
1560 1188 1871 1262 deditum
1947 1187 2152 1278 uiss'e,
2203 1192 2495 1279 audiam.
2601 1196 2834 1270 Caete-

418 1292 519 1363 ris
550 1311 725 1363 vero
762 1288 1051 1367 urbibus
1082 1288 1169 1358 ad
1223 1283 1364 1359 suae
1418 1282 1803 1379 Majestatis
1855 1282 2262 1382 obsequium
2315 1287 2660 1381 reduftis‚
2713 1294 2832 1368 illa

423 1386 657 1459 adhuc
696 1382 938 1467 restat,
990 1404 1215 1476 quae,⁹
1244 1379 1367 1455 etsi
1408 1404 1635 1454 novos
1672 1380 2224 1456 Concionatores
2245 1382 2576 1459 dimiserit
2598 1436 2624 1472 ‚
2657 1411 2830 1460 non-

418 1482 591 1553 dum
623 1498 849 1551 tamen
882 1476 1079 1551 isthic
1111 1498 1221 1548 res
1246 1478 1343 1549 ita
1373 1478 1769 1551 constitutae
1802 1478 2172 1565 videntur,
2209 1498 2287 1551 ut
2321 1480 2832 1578 Arembergen-

418 1572 507 1649 fis
558 1573 911 1649 confidere
964 1572 1231 1646 audeat.
1332 1570 1664 1667 Optat-im
1712 1592 1948 1645 autem
1979 1593 2061 1645 ut
2101 1570 2367 1649 saniora
2415 1576 2696 1652 consilia
2731 1582 2829 1655 ci-

416 1665 717 1765 ves'eJus
772 1670 960 1744 urbis
1011 1664 1634 1763 ample&erentur;
1687 1692 1772 1743 ne
1806 1666 1991 1743 forte
2032 1668 2668 1751 occasionem-dent
2706 1671 2826 1749 'ex‘-

414 1764 713 1840 ercitum
747 1788 835 1841 eo
869 1766 1323 1865 admovendi,
1376 1766 1563 1859 quod
1612 1762 1753 1840 fine
1790 1767 2072 1860 reliquae
2115 1764 2354 1842 Frifiae
2382 1768 2632 1843 nostrae
2668 1794 2824 1867 gra-

390 1862 491 1936 ·vi
530 1861 788 1936 damno
847 1864 971 1937 vix
1030 1860 1180 1935 fieri
1232 1856 1424 1957 posse
1479 1862 1714 1935 video.
1816 1860 2312 1938 Verumtamen
2359 1869 2693 1940 convenit
2741 1890 2829 1942 ne

414 1980 499 2031 ea
562 1956 705 2031 sola
767 1961 843 2033 in
907 1978 1219 2032 errorum
1278 1957 1665 2051 pertinacia
1724 1960 2304 2054 contumaciaque
2373 1962 2827 2056 relinquatur.

416 2051 723 2139 Gouda,
776 2056 965 2149 apud
986 2074 1195 2147 quam
1230 2057 1537 2148 conjunx
1576 2054 1924 2148 liberique
1968 2055 2074 2125 tui
2117 2053 2382 2147 degunt
2418 2054 2538 2129 etsi
2582 2054 2830 2133 adver·-

409 2148 525 2222 sus
586 2154 935 2226 novitates
982 2151 1107 2222 has
1166 2171 1411 2222 omnes
1458 2146 1757 2223 fideliter
1796 2144 2088 2233 restitit,
2119 2171 2267 2241 -per
2323 2148 2678 2223 transitum
2727 2172 2834 2227 taz

410 2266 577 2317 men
630 2247 923 2318 militum
974 2246 1401 2325 nostrorum,
1452 2242 1541 2315 ab
1590 2244 1779 2317 omni
1827 2244 2273 2316 incommodo
2315 2246 2634 2318 immunis
2683 2270 2828 2320 non

408 2339 590 2422 fuit,
638 2339 757 2413 sed
805 2343 1097 2413 multum
1129 2336 1413 2413 interest
1460 2338 1555 2411 ob
1586 2342 2000 2435 culpamne,
2053 2360 2141 2411 an
2178 2340 2275 2414 ob
2312 2341 2649 2438 principis
2695 2343 2822 2419 ob·

410 2434 732 2528 sequium
758 2490 777 2521 ,
826 2438 897 2509 id
946 2438 1271 2509 damnum
1304 2434 1679 2529 acceperit.

508 2530 847 2604 Baillivus
884 2528 1204 2620 Rollema
1236 2532 1379 2603 hic·
1401 2534 1670 2627 aliquot
1704 2528 1950 2603 diebus
1990 2529 2349 2604 nobiscum
2385 2528 2520 2606 fuit
2553 2586 2574 2619 ,
2629 2554 2712 2607 ae
2745 2534 2818 2610 in

319 2630 331 2638 ’
406 2626 517 2700 his
557 2630 777 2701 turbis
816 2626 973 2701 satis
1011 2625 1081 2700 se
1132 2628 1427 2701 viriliter
1472 2624 1703 2721 gestit,
1754 2644 1835 2699 ut
1885 2624 2170 2701 Duciss'a
2207 2638 2432 2723 nuper
2471 2631 2816 2725 praedica-

408 2726 632 2810 verit,
683 2725 879 2819 quod
944 2725 1295 2797 hominem
1343 2723 1674 2796 idoneum
1721 2745 1805 2795 ac
1852 2720 2132 2796 fidelem
2178 2725 2268 2797 ad
2314 2728 2456 2799 hoc
2509 2723 2818 2799 officium

350 2822 369 2837 ‘
406 2824 1019 2895 commendaveris,
1120 2818 1368 2895 Hakio
1406 2842 1579 2913 vero
1610 2814 2112 2915 praedecessore
2142 2818 2612 2987 suo‘profugo
2637 2875 2660 2906 ,
2707 2824 2814 2919 ip-

402 2912 476 2987 se
533 2916 717 2990 bona
752 2918 1155 3001 annotavit,
1196 2915 1648 3010 jocamurque
1688 2936 1846 2987 cum
1890 2914 2221 3002 homine,
2301 2940 2322 2988 1
2377 2915 2550 3012 quid
2607 2915 2692 2988 ab
2727 2942 2814 2991 eo

398 3008 588 3086 forte
635 3012 874 3086 Snecae
924 3008 1313 3106 negleaum
1344 3008 1595 3097 fuerit,
1650 3012 1787 3091 hoc,
1821 3032 1982 3092 eum
2013 3010 2116 3093 ibi
2149 3035 2316 3085 recu
2371 3036 2562 3085 erare
2647 3011 2810 3087 offe.

403 3123 413 3133 ·
505 3108 617 3183 De
660 3094 769 3182 Re
820 3111 875 3181 is
906 3106 1371 3181 'munificentia
1408 3106 1962 3199 liberalitatisque
1999 3106 2070 3177 in
2106 3128 2324 3179 conce
2376 3102 2532 3178 io‘ne
2641 3110 2852 3180 omi--

402 3205 505 3279 nii
554 3206 643 3277 de
680 3202 792 3277 Da
822 3228 931 3277 em
966 3208 1019 3278 ,¹¹¹
1069 3203 1165 3276 D.
1216 3202 1317 3273 T.
1358 3200 1731 3298 'plurimum
1767 3204 2236 3294 congratulor.
2293 3216 2305 3229 ‘
2343 3200 2607 3277 Verum
2647 3202 2806 3277 cum
2860 3233 2892 3274 x
2935 3230 3090 3294 νίας

399 3298 501 3373 D.
556 3297 893 3373 Albertus
928 3299 967 3373 a
1004 3298 1166 3375 Loo
1196 3300 1567 3373 Coloniam
1597 3318 1758 3371 ante
1817 3316 1958 3369 tres
2007 3296 2474 3373 hebdomadas
2523 3299 2806 3394 profec-
2858 3308 2978 3387 sup.
3020 3314 3092 3373 ad

398 3416 514 3471 tus
566 3392 651 3468 fit
682 3449 704 3485 ,
756 3414 835 3466 ut
882 3395 979 3467 ibi
1027 3393 1639 3469 communicationi
1680 3391 1888 3489 super
1931 3394 2317 3467 monetario
2353 3398 2638 3491 negotio
2683 3398 2802 3469 ha·
2857 3386 3034 3457 Epist„

390 3490 644 3587 bendae
681 3488 988 3575 adfistat,
1036 3489 1480 3585 secundoque
1523 3484 1777 3565 Rheno
1810 3486 2253 3563 Dordracum
2291 3494 2518 3565 redire
2552 3492 2802 3565 consti·
2854 3462 3150 3530 XXVIII·

394 3590 657 3673 tuerit,
724 3590 966 3661 curavi
1019 3588 1111 3661 εό
1162 3588 1396 3659 literas
1438 3606 1589 3658 tuas
1637 3584 1914 3659 deferri.
2015 3584 2128 3661 Eo
2183 3608 2414 3659 autem
2474 3585 2797 3677 absente,

398 3686 575 3759 nihil
606 3685 697 3757 ad
732 3706 803 3757 te
840 3685 929 3757 de
964 3684 1108 3757 hoc
1140 3684 1427 3777 negotio
1459 3680 1753 3757 scribere
1791 3678 2095 3776 poss‘um.
2147 3684 2546 3776 priusquam
2587 3680 2674 3755 de
2709 3708 2798 3758 eo

392 3798 555 3854 cum
576 3780 731 3876 ipso
752 3782 1161 3865 contulero.⁸
1184 3780 1587 3863 Res‘auteni
1618 3778 1783 3851 mihi
1806 3802 1948 3851 non
1978 3781 2078 3851 ita
2093 3779 2326 3871 magni
2351 3777 2646 3854 videtur.
2666 3778 2802 3855 effe

333 3942 339 3945 ,
396 3877 769 3959 momenti,
822 3878 896 3953 &
928 3876 1103 3951 filiae
1148 3876 1455 3953 defuncti
1491 3876 1788 3949 Comitis
1840 3871 2251 3947 Meurscnfis
2288 3870 2494 3969 super
2531 3897 2618 3949 eo
2645 3872 2794 3949 Do-

390 3972 609 4045 minio
651 3971 997 4053 redditum
1050 3996 1260 4052 certae
1278 3974 1697 4068 quantitatis
1730 3966 2126 4047 concessum
2154 4022 2180 4055 ,
2223 3968 2794 4067 reservatumque

332 4068 701 4165 ‘meminh
794 4066 911 4140 Ad
943 4072 1098 4142 haec
1129 4066 1465 4144 Cob'elius
1510 4070 1658 4160 piae
1700 4067 2051 4140 memoriae
2098 4068 2452 4164 cujusdam
2492 4068 2594 4142 sui
2623 4092 2793 4164 cog-

390 4162 542 4243 nati
586 4162 863 4239 nomine
880 4212 907 4250 ‚
944 4184 1161 4260 atque
1212 4168 1385 4243 alter
1410 4163 1731 4335 [quidam
1751 4218 1791 4276 Ζ,
1824 4161 1884 4239 fi
1907 4160 2094 4249 refibe
2152 4164 2530 4257 recordor,
2577 4164 2792 4239 aetio.

1690 4282 1719 4335 i
1745 4285 1773 4338 1.
2325 4334 2334 4343 ,
2413 4318 2430 4333 .
2499 4302 2508 4309 -
2609 4278 2822 4334 nem·
