3700 4884
915 354 1109 453 r350
1161 316 1643 427 vroLn
1699 344 1832 413 AB
1886 318 2407 417 AYTTA
2460 316 3243 420 zUICHEMI·
3352 316 3423 437 “.

943 544 1085 597 tem
1105 570 1126 603 ‚
1177 542 1382 615 quem
1447 517 1794 593 scribendi
1853 516 2150 612 prurigo
2180 536 2376 593 tenet
2400 566 2427 604 ,
2472 536 2621 593 non
2654 514 3053 593 omissurum
3082 566 3111 605 ‚
3158 520 3330 617 quin

947 620 1278 695 authores
1311 620 1456 713 ejus
1489 612 1774 709 egregie
1808 611 2125 687 defricet.

1041 712 1293 785 Frater
1319 734 1510 787 meus
1547 731 1703 783 ante
1753 710 2064 782 triduum
2078 706 2377 802 pdmfrm
2408 712 2479 783 in
2512 709 2796 785 Frisram
2824 709 3145 792 reversus
3188 712 3336 801 est,

947 836 1036 886 ex
1077 812 1276 903 cujus
1307 809 1520 879 literis
1555 829 1734 879 aveo
1771 807 2203 899 intelligere,
2300 830 2553 879 nonam
2568 810 2778 903 pasto
2798 805 3175 881 Snecenses
3190 807 3331 883 sese

845 913 852 923 ’
943 910 1021 981 in
1071 906 1276 998 hujus
1341 902 1602 975 fabulae
1667 901 2106 995 catastrophe
2152 924 2235 997 ge
2292 904 2488 976 erint.
2588 902 2991 997 Stephanus
3040 901 3331 979 Nicolai

943 1002 1362 1078 secretarius
1418 993 1943 1071 Leovardienfis
1991 999 2172 1069 diem
2225 996 2463 1071 clausit
2514 1018 2937 1085 extremum,
2990 998 3332 1095 multique

940 1122 1108 1171 mox
1139 1094 1506 1169 accurrere
1549 1092 1760 1168 officii
1789 1096 2308 1187 competitores.
2360 1093 2625 1169 Verfun
2646 1096 2945 1169 arbitror
2964 1090 3339 1191 Graphea·

941 1198 1126 1271 rium
1138 1192 1590 1266 obtenturum
1609 1244 1628 1275 ‚
1669 1208 1750 1262 ut
1765 1186 1890 1263 suo
1920 1188 2299 1263 reuniatur.
2336 1188 2585 1266 Frater
2620 1214 2854 1265 autem
2890 1213 3083 1263 meus
3131 1193 3339 1267 valde

939 1286 1312 1367 interceffit
1355 1308 1490 1383 pro
1541 1286 1651 1357 M.
1709 1286 1884 1359 Saea
1907 1333 1933 1372 ,
1982 1284 2329 1379 Cypriani
2384 1282 2603 1360 nostri
2647 1284 2902 1373 fratre,
2965 1287 3091 1379 qui
3142 1306 3337 1361 tuam

943 1406 1152 1461 antea
1183 1432 1202 1465 ,
1251 1404 1438 1454 nunc
1473 1404 1689 1455 meam
1709 1431 1732 1465 ,
1779 1381 1856 1453 iu
1904 1404 2192 1455 uxorem
2229 1380 2439 1454 habet
2488 1404 2853 1475 cognatam
2879 1432 2903 1468 ,
2952 1380 3158 1455 filiam
3190 1382 3339 1459 Sio-

945 1484 1042 1557 cii
1095 1477 1348 1573 Esgh'is
1399 1476 1737 1575 Albacjae,
1786 1478 1911 1571 qui
1944 1496 2135 1551 certe
2172 1477 2424 1573 dignus
2467 1478 2567 1551 est
2609 1498 2685 1551 ut
2723 1482 2811 1551 ad
2852 1481 3110 1572 majora
3147 1502 3335 1553 oom-

945 1574 1356 1659 mendetur,
1401 1571 1478 1644 &
1529 1571 1732 1667 spero
1765 1571 2141 1667 aliquando
2180 1574 2641 1649 obv‘enturam
2680 1570 3109 1647 occafionem
3142 1596 3219 1647 ut
3242 1578 3339 1651 ad

949 1668 1344 1747 Confiliarii
1375 1668 1788 1765 dignitatem
1817 1689 2335 1763 promoveatur.
2386 1666 2581 1743 Bene
2612 1672 2766 1743 vale
2802 1666 2955 1741 CL.
3006 1668 3102 1741 D.
3138 1670 3340 1757 Hor,

955 1789 1202 1857 rnna.-
1267 1765 1618 1839 Bruxellae
1652 1766 1776 1837 ult.
1827 1763 2161 1855 Januarii.
2264 1786 2386 1837 cm
2456 1788 2537 1838 ιο
2596 1784 2795 1838 var.
2892 1764 2988 1837 T.
3036 1764 3134 1839 D.
3170 1768 3339 1850 decisi.

941 1860 1502 1964 tfffimussem‘tor
1543 1882 1621 1934 ac
1651 1856 1968 1955 confrater
1998 1858 2415 1936 Vmerus
2460 1858 3033 1937 zurcnznus.

1457 2086 2972 2240 EPISTOLAIIL'

957 2358 1507 2452 Contentiones
1567 2382 1767 2471 quas
1811 2354 2055 2469 Reip.
2089 2354 2730 2473 causasnstinere
2757 2363 3069 2473 cogitur
3090 2422 3118 2463 ,
3176 2384 3385 2450 con·.

1029 2472 1361 2584 ‚stanter
1405 2468 1504 2583 fir
1563 2468 1775 2555 velle
1821 2466 2218 2665 fferferre
2253 2528 2279 2572 ,
2366 2470 2743 2557 declarat.
2878 2470 2999 2559 Ut
3062 2470 3354 2581 Praefi-

943 2656 954 2665 .
1071 2578 1723 2692 datdsfurzaione
1761 2580 1822 2665 li
1872 2601 2155 2665 eretur
2173 2642 2200 2685 ,
2258 2600 2479 2683 orat,
2540 2579 2659 2673 &⁹
2690 2578 2944 2671 obiter
2974 2584 3073 2671 de
3110 2585 3347 2673 rebus
3494 2654 3505 2665 .

1071 2694 1341 2807 Frfflae
1387 2692 1732 2783 turbatis
1765 2699 2147 2781 meminit.
2248 2690 2499 2809 Regis
2531 2685 2965 2783 adventum
3014 2707 3347 2815 expetit.

967 2904 1416 3075 PRoximis
1463 2901 1682 2977 literis
1726 2901 1895 2975 meis
1927 2898 2303 2998 significavi
2344 2900 2435 2977 D.
2490 2902 2583 2977 T.
2626 2903 2779 2979 CL.
2814 2904 2913 2977 D.
2954 2902 3349 2995 Horreum,

1093 3027 1206 3078 me
1242 3004 1396 3075 illas
1433 3023 1606 3095 quas
1637 2996 2029 3093 postremO,
2083 3002 2219 3071 hoc
2246 2996 2349 3073 est
2382 3022 2573 3075 xxvr.
2616 3000 2922 3093 Ianuarii
2964 3004 3054 3077 ad
3084 3026 3193 3077 me
3230 3000 3348 3077 de·

967 3098 1168 3173 deras
1211 3122 1376 3173 acce
1427 3094 1587 3182 iffe,
1638 3090 1959 3169 hesterno
1990 3114 2217 3171 autem
2250 3096 2363 3169 die
2404 3098 2563 3170 aliae
2593 3097 2717 3170 abs
2754 3107 2824 3173 te
2857 3099 3028 3171 mihi
3046 3099 3349 3171 redditae

967 3190 1126 3267 sunt
1174 3216 1306 3288 per
1420 3218 1458 3263 n
1513 3194 1658 3264 lum
1703 3192 2047 3277 nobilem3
2100 3192 2214 3263 cui
2262 3191 2589 3267 lubenter
2640 3196 2873 3269 omnia
2905 3194 3353 3267 humanitatis

971 3286 1234 3372 officia,
1285 3290 1390 3361 uti
1518 3340 1538 3356 .
1587 3286 1686 3359 D.
1731 3289 1990 3381 petiit,-
2028 3284 2422 3372 exhibebo,
2478 3284 2529 3358 ss
2571 3292 2851 3385 quando
2886 3290 3033 3385 ejus
3076 3286 3351 3363 occafio

951 3386 1270 3465 dabitur.
1371 3380 1591 3473 Quod
1641 3380 1909 3476 Regem
1957 3380 2197 3457 scribis
2261 3380 2597 3477 psalmum
2644 3386 3087 3481 completorii
3120 3387 3195 3459 δι
3230 3408 3359 3479 cy·

968 3502 1219 3576 gneam
1291 3482 1671 3555 orationem
1729 3480 1816 3551 ad
1877 3482 2252 3553 matutinas
2311 3481 2658 3555 remittere
2678 3530 2723 3565 2
2776 3485 2853 3557 id
2886 3479 3005 3556 etfi
3034 3482 3227 3574 ‘mihi
3262 3478 3355 3555 de

969 3574 1483 3657 elementissimo
1533 3576 1866 3668 Principe
1910 3577 2151 3647 audire
2191 3577 2455 3671 volupe
2504 3575 2763 3665 fuerit,
2812 3600 2893 3653 tu
2930 3599 3207 3667 tamen,
3254 3575 3362 3652 mi

973 3660 1324 3751 Homnae
1344 3723 1370 3760 ‚
1417 3670 1791 3747 meminiss'e
1828 3688 2034 3765 potes
2070 3671 2257 3744 illius
2292 3668 2662 3747 Horatiani
2676 3698 2702 3759 3

1075 3850 1220 3949 (9)
1269 3840 1417 3924 Nor}
1451 3852 1662 3924 eadem
1697 3848 1790 3943 est
1825 3864 2020 3937 στας,
2066 3868 2189 3921 non
2225 3870 2433 3933 mens,
2486 3850 2787 3927 Veianius
2813 3903 2837 3945 ,
2882 3851 3079 3935 armis

1071 3946 1368 4028 Herculis
1400 3948 1488 4019 ad
1514 3946 1741 4044 postem
1766 3942 1931 4043 fixis
1947 3998 1971 4035 ,
2020 3942 2179 4021 lam
2212 3946 2463 4023 abditus
2490 3968 2667 4049 agro.
2874 3968 2879 3971 ·
3046 4037 3209 4146 (10)
3249 4006 3381 4125 *Et

1059 4156 1180 4311 (9)
1221 4217 1432 4313 Epist.
1469 4218 1588 4301 ub.
1629 4236 1706 4299 ι.
1732 4234 2041 4312 versut.
