3700 4884
883 355 1052 473 346
1108 347 1581 455 VIGLII
1634 365 1769 442 AB
1825 346 2347 442 AYTTA
2400 345 3146 448 ZUICHEMI

978 547 1453 636 Brederodius
1514 547 1974 642 Antverpiam
2025 543 2297 619 rursus·
2333 545 2616 620 advenit
2674 547 3044 623 comitatus
3103 571 3278 624 non-

889 649 1099 720 nullis
1138 642 1543 728 Geufianis,
1592 665 1801 737 atque
1836 646 1978 718 huc
2005 641 2075 716 se
2115 663 2319 715 novae
2354 640 2878 738 supplicationis
2911 647 3277 743 porrigen-

887 742 1001 815 dae
1046 744 1267 836 gratia
1302 763 1461 813 curn
1495 741 1631 814 illis
1668 741 2134 814 adventurum
2155 739 2466 834 Jaffltat,
2513 737 2764 811 verum
2809 739 3105 816 insolens
3122 741 3276 852 spe-

828 901 841 912 .
888 836 1237 910 §taculum
1270 835 1512 914 mense
1542 837 1774 930 Aprili
1812 834 2204 910 exhibitum
2245 857 2376 907 nos
2401 835 2941 911 commonefacit
2963 887 2988 924 ‚
3037 861 3118 914 ut
3157 839 3277 929 id,

891 935 1121 1029 quoad
1162 937 1366 1016 licet,
1417 933 1894 1026 impediamus,
2001 931 2186 1004 Sunt
2233 953 2514 1025 quoque
2562 935 2878 1006 nonnulli
2905 957 2992 1006 ex
3026 957 3274 1030 proce-

888 1032 1087 1103 ribus
1150 1027 1433 1112 nostris,
1484 1029 1603 1122 qui
1666 1049 1805 1100 non
1842 1025 2002 1100 satis
2033 1026 2210 1100 ferre
2239 1027 2574 1099 videntur
2609 1025 3037 1104 Noircarmii
3057 1081 3084 1118 ‚
3123 1035 3274 1128 (1)

886 1124 1440 1220 Reffegemiique
1502 1127 1654 1213 (2)
1719 1119 2095 1196 succeffum
2133 1178 2154 1210 ‚
2217 1125 2644 1218 culpantque
2691 1125 2926 1224 paffim
2989 1130 3278 1203 militem

938 1223 1160 1318 opulo
1177 1245 1463 1318 gravem
1479 1217 1653 1292 fieri.
1752 1219 1855 1292 Et
1905 1217 2226 1315 profecto
2267 1221 2438 1292 nihil
2465 1221 2664 1292 nobis
2699 1223 3108 1316 contingere
3122 1221 3281 1321 pos-

882 1247 991 1392 1set
1058 1321 1405 1412 optatius,
1450 1339 1657 1412 quam
1702 1317 1787 1388 ab
1820 1318 1945 1389 illo
2009 1319 2287 1408 penitus
2339 1337 2466 1388 nos
2499 1315 2693 1411 poss‘e
2737 1315 2869 1390 ess'e
2903 1320 3284 1407 immunes,

885 1412 1063 1490 fires
1108 1416 1319 1487 modo
1343 1416 1414 1487 id
1462 1436 1745 1508 quoque
1775 1409 1958 1483 ferre
1979 1409 2242 1507 posset,
2287 1409 2760 1485 seditiosorum
2813 1438 2899 1488 ue
2937 1439 3021 1490 ac
3053 1419 3276 1492 haere·

882 1511 1187 1586 ticorum
1242 1509 1599 1584 hominum
1666 1509 1956 1582 audacia
2008 1509 2458 1602 permitteret.
2559 1509 2660 1580 At
2693 1512 2766 1582 ni
2793 1507 3086 1609 1-Regia
3116 1513 3277 1588 Ma-

876 1605 1086 1702 jestas
1120 1607 1351 1680 militis
1382 1603 1761 1699 colligendi
1788 1601 2192 1677 facultatem
2227 1602 2570 1691 dediffet‚'
2592 1628 2944 1680 vereorne
2951 1608 3098 1704 jam
3113 1633 3281 1684 con-

886 1705 1258 1776 clamatum
1308 1725 1469 1775 cum
1512 1702 1713 1773 nobis
1762 1700 1946 1774 effet.
2049 1699 2382 1772 Excitant
2433 1719 2659 1773 tamen
2713 1704 2816 1774 illi
2870 1705 3100 1778 adhuc
3163 1706 3282 1780 ali-

891 1822 1102 1894 quam
1137 1796 1276 1871 suis
1314 1799 1505 1894 spem
1529 1847 1549 1884 ,
1622 1791 1767 1870 uod
1812 1797 1898 1868 de
1940 1793 2162 1890 Regis
2197 1798 2768 1872 adventuinanes
2804 1800 2936 1873 ess’e
2966 1824 3278 1876 rumores

890 1895 1169 1982 dicant,
1220 1892 1292 1964 &
1328 1897 1524 1968 ducis
1632 1893 1821 1966 lbani
1855 1893 2344 1965 authoritatem
2377 1916 2518 1964 non
2545 1893 3088 1990 magnifaciant.
3137 1897 3280 1972 Ve-

888 1988 1045 2064 rum
1078 1987 1491 2088 persuadere
1538 1990 1709 2062 mihi
1762 2013 1904 2060 non
1951 1985 2262 2083 pollam,
2297 1986 2578 2084 Regem
2611 1995 2758 2064 ullo
2795 1991 3000 2086 paolo
3035 1997 3106 2066 in
3137 1997 3282 2068 ani-

886 2109 1080 2159 mum
1115 2087 1311 2160 suum
1350 2089 1682 2160 inducere
1714 2083 1904 2181 poss'e
1925 2136 1948 2170 ,
1999 2105 2078 2157 ut
2111 2087 2450 2159 adventus
2489 2085 2589 2158 sui
2624 2087 3282 2165 deliberationemin

892 2184 1186 2256 dubium
1238 2205 1451 2256 vocet
1496 2233 1519 2266 ‚
1570 2180 1727 2254 cum
1792 2183 1878 2253 ab
1955 2204 2042 2252 eo
2104 2203 2247 2252 non
2334 2183 2565 2254 nostra
2616 2205 2880 2256 tantum
2927 2183 3103 2262 salus
3161 2186 3284 2260 de-

770 2307 781 2338 *
890 2281 1240 2374 pendeat,
1292 2277 1409 2353 sed
1460 2281 1765 2353 omnium
1828 2275 2106 2349 suorum
2138 2300 2319 2372 pene
2361 2277 2805 2374 Regnorum,
2855 2303 3012 2378 quae
3041 2283 3116 2358 in
3157 2287 3284 2358 hu-

880 2373 1005 2470 jus
1034 2377 1389 2470 tragoediae
1418 2377 1683 2448 exitum
1726 2376 2033 2446 intentos
2065 2374 2326 2446 habent
2359 2381 2623 2450 oculos.
3151 2425 3159 2432 -

900 2489 909 2504 ’
998 2466 1348 2544 Dominus
1401 2469 1487 2542 de
1536 2467 1747 2565 Rye,
1814 2471 2206 2562 quinuper
2273 2492 2365 2543 ex
2415 2471 2820 2567 Burgundia
2860 2475 3280 2565 advenerat,

896 2589 1041 2639 non
1088 2567 1357 2659 magni,
1407 2569 1597 2660 quod
1635 2563 1958 2658 equidem
2001 2565 2386 2660 intelligere
2418 2571 2810 2661 potuerim,
2847 2575 3285 2668 negotiicau-

896 2660 968 2735 sa
992 2713 1013 2746 ‚
1057 2664 1308 2745 hodie,
1362 2686 1453 2736 ex
1481 2664 1776 2736 vulnere
1810 2658 1936 2732 fibi
1961 2663 2438 2755 imprudenter
2467 2661 2730 2736 inflicto
2757 2719 2779 2750 ,
2832 2668 3014 2742 diem
3055 2663 3280 2744 extre*-

900 2783 1089 2832 mum
1120 2756 1401 2844 clausit,
1452 2759 1620 2831 dum
1672 2759 2091 2850 pugionem,
2143 2761 2262 2851 qui
2303 2761 2698 2849 exciderat,
2746 2759 3104 2840 sublevare
3122 2791 3281 2858 cum

898 2856 1173 2947 impetu
1211 2857 1495 2950 cupiens
1518 2905 1541 2940 ,
1588 2850 1881 2949 seipsum
1911 2854 2092 2926 circa
2117 2851 2359 2947 peetus
2387 2857 2739 2930 lethaliter
2773 2863 3095 2956 pupugit.
3145 2863 3282 2937 Ac·

903 2953 1078 3026 cidit
1110 2953 1228 3026 hic
1263 2949 1680 3025 miserandus
1744 2947 1940 3022 casus
1985 2952 2058 3020 in
2095 2949 2372 3023 aedibus
2396 2951 2692 3025 Domini
2725 2954 3281 3050 Egmondaniin

898 3069 1237 3142 gynaeceo
1290 3045 1773 3134 Commitiffae,
1827 3069 1911 3118 ac
1931 3049 2174 3120 eodem
2213 3047 2328 3121 die
2364 3049 2678 3124 reversus
2711 3053 2850 3126 huc
2885 3053 3286 3152 Egmonda-

866 3165 1029 3216 -nus
1058 3145 1350 3216 animam
1392 3165 1708 3238 agentem
1755 3145 2132 3238 repperit.·
3263 3150 3270 3158 ‘

1000 3238 1195 3314 Dum
1244 3241 1369 3311 has
1424 3243 1655 3322 literas
1714 3243 2136 3315 concludere
2187 3263 2406 3334 paro,
2460 3241 2872 3320 adferuntur
2938 3250 3108 3328 mihi
3157 3250 3281 3325 abs

900 3333 999 3407 D.
1050 3334 1146 3407 T.
1198 3335 1420 3408 literae
1452 3357 1659 3408 xxv1.
1713 3338 2012 3427 proximi
2043 3337 2288 3411 mensls
2321 3339 2433 3412 die
2463 3338 2780 3436 scriptae,
2831 3345 2917 3418 ad
2935 3339 3284 3439 quas'alias

872 3430 1251 3524 prolixius
1292 3428 1753 3526 respondebo.
1851 3431 1932 3502 N
1941 3457 2071 3508 unc
2126 3435 2303 3508 illud
2355 3434 2576 3508 solum
2627 3439 2931 3526 addam,
2979 3441 3283 3519 in‘eciffe

899 3547 973 3599 te
1019 3525 1190 3598 mihi
1228 3548 1367 3598 non
1401 3549 1689 3621 parvam
1717 3525 2230 3602 solicitudinem
2281 3535 2474 3627 quod
2511 3533 2600 3604 de
2638 3533 2866 3608 Ducis
2891 3536 2986 3609 Al
3077 3540 3284 3614 nide-

896 3620 1143 3696 fiderio
1180 3619 1445 3698 scribis.
1544 3620 1691 3694 Etli
1735 3625 1918 3695 enim
1953 3627 2054 3698 illi
2107 3628 2551 3701 lubentiffime
2599 3629 3006 3724 obsequium
3057 3657 3284 3708 meum

866 3719 973 3790 ‚in
1018 3717 1343 3794 omnibus
1398 3719 1731 3798 exhibere
1768 3721 1983 3818 cupio
2005 3775 2024 3812 ,
2073 3745 2252 3820 puto
2285 3747 2358 3806 te
2393 3733 2620 3800 tamen
2647 3728 2836 3800 illius
2867 3729 3239 3806 meminiffe
3260 3787 3284 3818 ,

3091 3831 3284 3926 quod

862 4063 868 4068 ,
947 3946 1104 4080 ’(1)
1140 3993 1635 4102 ,Νοίνεαννηίωζι
1675 3999 2026 4098 Philippus
2063 4022 2128 4100 ‘a
2178 4003 2422 4102 Sancta
2473 3978 2931 4103 Aldegunde,
2985 4009 3102 4092 qui
3145 3963 3278 4093 pro

887 4073 1293 4246 ἓὲεὲιξέἶιοοῡε
1328 4083 1641 4172 Bergenn
1680 4104 1751 4152 m
1796 4085 2190 4214 Hispaniam
2221 4089 2448 4184 millb,
2470 4089 2856 4220 Hannomae
2873 4091 3280 4178 praefestum

973 4246 1100 4330 (2)
1148 4247 1591 4335 Rcffl’gemiue]
1650 4251 1790 4316 imo
1844 4251 2366 4338 Rassinghemius
2407 4301 2426 4332 ‚
2487 4255 2838 4326 -Flandriae
2895 4254 3278 4328 Gallicanas

861 4331 1287 4416 praefectus,
1332 4337 2250 4425 cuinomenMaximilianuss
2291 4357 2682 4454 cognomen
2703 4389 2726 4422 ,
2751 4343 2964 4415 Vnam
2981 4345 3049 4410 de
3071 4343 3276 4412 Gand.

1756 4709 1789 4748 Ι
