<?xml version="1.0" encoding="UTF-8"?>
<!DOCTYPE html PUBLIC "-//W3C//DTD XHTML 1.0 Transitional//EN"
    "http://www.w3.org/TR/xhtml1/DTD/xhtml1-transitional.dtd">
<html xmlns="http://www.w3.org/1999/xhtml" xml:lang="en" lang="en">
 <head>
  <title>
</title>
<meta http-equiv="Content-Type" content="text/html;charset=utf-8" />
  <meta name='ocr-system' content='tesseract 3.04.00' />
  <meta name='ocr-capabilities' content='ocr_page ocr_carea ocr_par ocr_line ocrx_word'/>
</head>
<body>
  <div class='ocr_page' id='page_1' title='image "./vitavigliiabayt00unkngoog_0379.png"; bbox 0 0 3700 4884; ppageno 0'>
   <div class='ocr_carea' id='block_1_1' title="bbox 953 270 3253 451">
    <p class='ocr_par' dir='ltr' id='par_1_1' title="bbox 953 270 3253 451">
     <span class='ocr_line' id='line_1_1' title="bbox 953 270 3253 451; baseline -0.001 -26"><span class='ocrx_word' id='word_1_1' title='bbox 953 335 1128 451; x_wconf 90' lang='lat'><strong>706</strong></span> <span class='ocrx_word' id='word_1_2' title='bbox 1171 329 1668 434; x_wconf 64' lang='grc' dir='ltr'><strong>Ἥρωι</strong></span> <span class='ocrx_word' id='word_1_3' title='bbox 1723 344 1865 424; x_wconf 60' lang='lat' dir='ltr'><strong>Aa</strong></span> <span class='ocrx_word' id='word_1_4' title='bbox 1919 270 3253 425; x_wconf 77' lang='lat' dir='ltr'><strong>AYTTA&#39;ZUICHEm</strong></span> 
     </span>
    </p>
   </div>
   <div class='ocr_carea' id='block_1_2' title="bbox 847 519 3399 2938">
    <p class='ocr_par' dir='ltr' id='par_1_2' title="bbox 922 519 3399 1198">
     <span class='ocr_line' id='line_1_2' title="bbox 949 519 3393 624; baseline -0.002 -22"><span class='ocrx_word' id='word_1_5' title='bbox 949 547 1184 624; x_wconf 79' lang='lat' dir='ltr'><strong>vaque</strong></span> <span class='ocrx_word' id='word_1_6' title='bbox 1225 521 1384 620; x_wconf 85' lang='lat' dir='ltr'><strong>spes</strong></span> <span class='ocrx_word' id='word_1_7' title='bbox 1431 520 1576 612; x_wconf 85' lang='lat' dir='ltr'><strong>est,</strong></span> <span class='ocrx_word' id='word_1_8' title='bbox 1621 523 1891 618; x_wconf 83' lang='lat' dir='ltr'><strong>aliquid</strong></span> <span class='ocrx_word' id='word_1_9' title='bbox 1938 520 2215 598; x_wconf 71' lang='lat' dir='ltr'><strong>subsidii</strong></span> <span class='ocrx_word' id='word_1_10' title='bbox 2252 520 2635 618; x_wconf 78' lang='lat' dir='ltr'><strong>auxiliique</strong></span> <span class='ocrx_word' id='word_1_11' title='bbox 2685 522 2727 596; x_wconf 68' lang='lat' dir='ltr'><strong>a</strong></span> <span class='ocrx_word' id='word_1_12' title='bbox 2776 519 3093 598; x_wconf 70' lang='lat' dir='ltr'><strong>statibus</strong></span> <span class='ocrx_word' id='word_1_13' title='bbox 3150 529 3393 622; x_wconf 74' lang='lat' dir='ltr'><strong>impe-</strong></span> 
     </span>
     <span class='ocr_line' id='line_1_3' title="bbox 959 617 3393 716; baseline 0 -18"><span class='ocrx_word' id='word_1_14' title='bbox 959 625 1131 698; x_wconf 86' lang='lat' dir='ltr'><strong>trari</strong></span> <span class='ocrx_word' id='word_1_15' title='bbox 1163 619 1406 716; x_wconf 76' lang='lat' dir='ltr'><strong>poss&#39;e,</strong></span> <span class='ocrx_word' id='word_1_16' title='bbox 1449 619 1780 715; x_wconf 86' lang='lat' dir='ltr'><strong>quamdiu</strong></span> <span class='ocrx_word' id='word_1_17' title='bbox 1839 617 2003 695; x_wconf 82' lang='lat' dir='ltr'><strong>Rex</strong></span> <span class='ocrx_word' id='word_1_18' title='bbox 2060 621 2409 702; x_wconf 74' lang='lat' dir='ltr'><strong>decimum</strong></span> <span class='ocrx_word' id='word_1_19' title='bbox 2468 619 2829 694; x_wconf 79' lang='lat' dir='ltr'><strong>denarium</strong></span> <span class='ocrx_word' id='word_1_20' title='bbox 2882 643 3029 694; x_wconf 88' lang='lat' dir='ltr'><strong>non</strong></span> <span class='ocrx_word' id='word_1_21' title='bbox 3084 625 3393 698; x_wconf 76' lang='lat' dir='ltr'><strong>omnino</strong></span> 
     </span>
     <span class='ocr_line' id='line_1_4' title="bbox 922 713 3391 812; baseline 0 -21"><span class='ocrx_word' id='word_1_22' title='bbox 922 719 928 733; x_wconf 91' lang='grc'><em>“</em></span> <span class='ocrx_word' id='word_1_23' title='bbox 963 715 1271 791; x_wconf 87' lang='lat' dir='ltr'><strong>absolute</strong></span> <span class='ocrx_word' id='word_1_24' title='bbox 1317 717 1582 792; x_wconf 89' lang='lat' dir='ltr'>aboleri</span> <span class='ocrx_word' id='word_1_25' title='bbox 1626 715 1848 810; x_wconf 83' lang='lat' dir='ltr'><strong>jubet.</strong></span> <span class='ocrx_word' id='word_1_26' title='bbox 1952 715 2177 804; x_wconf 81' lang='lat' dir='ltr'><strong>Quod</strong></span> <span class='ocrx_word' id='word_1_27' title='bbox 2208 735 2436 788; x_wconf 86' lang='lat' dir='ltr'><strong>autem</strong></span> <span class='ocrx_word' id='word_1_28' title='bbox 2469 714 2613 810; x_wconf 80' lang='lat' dir='ltr'><strong>ejus</strong></span> <span class='ocrx_word' id='word_1_29' title='bbox 2652 717 2819 790; x_wconf 87' lang='lat' dir='ltr'><strong>loco</strong></span> <span class='ocrx_word' id='word_1_30' title='bbox 2850 713 3337 812; x_wconf 80' lang='lat' dir='ltr'><strong>surrogabitur</strong></span> <span class='ocrx_word' id='word_1_31' title='bbox 3354 769 3391 805; x_wconf 86' lang='lat'><em>,</em></span> 
     </span>
     <span class='ocr_line' id='line_1_5' title="bbox 957 807 3393 912; baseline 0.001 -24"><span class='ocrx_word' id='word_1_32' title='bbox 957 815 1160 888; x_wconf 80' lang='lat' dir='ltr'><strong>nullo</strong></span> <span class='ocrx_word' id='word_1_33' title='bbox 1207 813 1462 912; x_wconf 84' lang='lat' dir='ltr'><strong>modo,</strong></span> <span class='ocrx_word' id='word_1_34' title='bbox 1511 833 1592 885; x_wconf 90' lang='lat' dir='ltr'><strong>ut</strong></span> <span class='ocrx_word' id='word_1_35' title='bbox 1643 829 2065 912; x_wconf 86' lang='lat' dir='ltr'><strong>perpetuum</strong></span> <span class='ocrx_word' id='word_1_36' title='bbox 2117 809 2199 885; x_wconf 84' lang='lat' dir='ltr'><strong>fit</strong></span> <span class='ocrx_word' id='word_1_37' title='bbox 2227 861 2253 897; x_wconf 81' lang='lat'><em>,</em></span> <span class='ocrx_word' id='word_1_38' title='bbox 2304 813 2545 886; x_wconf 87' lang='lat' dir='ltr'><strong>induci</strong></span> <span class='ocrx_word' id='word_1_39' title='bbox 2602 807 3207 907; x_wconf 27' lang='lat' dir='ltr'><strong>Statusiposs&#39;unm</strong></span> <span class='ocrx_word' id='word_1_40' title='bbox 3258 813 3393 890; x_wconf 83' lang='lat' dir='ltr'><strong>sed</strong></span> 
     </span>
     <span class='ocr_line' id='line_1_6' title="bbox 965 907 3399 1006; baseline 0 -22"><span class='ocrx_word' id='word_1_41' title='bbox 965 930 1237 984; x_wconf 85' lang='lat' dir='ltr'><strong>tantum</strong></span> <span class='ocrx_word' id='word_1_42' title='bbox 1293 911 1385 986; x_wconf 87' lang='lat' dir='ltr'><strong>ad</strong></span> <span class='ocrx_word' id='word_1_43' title='bbox 1437 913 1804 984; x_wconf 87' lang='lat' dir='ltr'><strong>triennium</strong></span> <span class='ocrx_word' id='word_1_44' title='bbox 1835 960 1861 992; x_wconf 87' lang='lat'>‚</span> <span class='ocrx_word' id='word_1_45' title='bbox 1927 908 2549 1006; x_wconf 85' lang='lat' dir='ltr'><strong>quadrienniumve</strong></span> <span class='ocrx_word' id='word_1_46' title='bbox 2596 907 2777 980; x_wconf 86' lang='lat' dir='ltr'><strong>illud</strong></span> <span class='ocrx_word' id='word_1_47' title='bbox 2824 910 3149 1004; x_wconf 73' lang='lat' dir='ltr'><strong>praestare</strong></span> <span class='ocrx_word' id='word_1_48' title='bbox 3204 910 3399 984; x_wconf 85' lang='lat' dir='ltr'><strong>offe-</strong></span> 
     </span>
     <span class='ocr_line' id='line_1_7' title="bbox 965 1004 3397 1098; baseline 0.001 -18"><span class='ocrx_word' id='word_1_49' title='bbox 965 1025 1152 1080; x_wconf 87' lang='lat' dir='ltr'><strong>runt.</strong></span> <span class='ocrx_word' id='word_1_50' title='bbox 1256 1005 1480 1096; x_wconf 83' lang='lat' dir='ltr'><strong>Quod</strong></span> <span class='ocrx_word' id='word_1_51' title='bbox 1540 1004 1700 1081; x_wconf 73' lang='lat' dir='ltr'><strong>cum</strong></span> <span class='ocrx_word' id='word_1_52' title='bbox 1755 1005 1953 1080; x_wconf 89' lang='lat' dir='ltr'><strong>Duci</strong></span> <span class='ocrx_word' id='word_1_53' title='bbox 1999 1004 2403 1098; x_wconf 83' lang='lat' dir='ltr'>neutiquam</span> <span class='ocrx_word' id='word_1_54' title='bbox 2458 1004 2755 1076; x_wconf 86' lang='lat' dir='ltr'>arrideat</span> <span class='ocrx_word' id='word_1_55' title='bbox 2792 1055 2815 1090; x_wconf 86' lang='lat'><strong>,</strong></span> <span class='ocrx_word' id='word_1_56' title='bbox 2878 1005 3161 1080; x_wconf 80' lang='lat' dir='ltr'><strong>videtur</strong></span> <span class='ocrx_word' id='word_1_57' title='bbox 3211 1005 3397 1082; x_wconf 85' lang='lat' dir='ltr'><strong>beni</strong></span> 
     </span>
     <span class='ocr_line' id='line_1_8' title="bbox 962 1097 3283 1198; baseline -0 -22"><span class='ocrx_word' id='word_1_58' title='bbox 962 1097 1334 1178; x_wconf 78' lang='lat' dir='ltr'><strong>successum</strong></span> <span class='ocrx_word' id='word_1_59' title='bbox 1373 1102 1575 1177; x_wconf 88' lang='lat' dir='ltr'><strong>malle</strong></span> <span class='ocrx_word' id='word_1_60' title='bbox 1625 1101 1969 1198; x_wconf 85' lang='lat' dir='ltr'><strong>experiri,</strong></span> <span class='ocrx_word' id='word_1_61' title='bbox 2016 1099 2221 1198; x_wconf 70' lang='lat' dir='ltr'><strong>quam</strong></span> <span class='ocrx_word' id='word_1_62' title='bbox 2260 1099 2349 1174; x_wconf 91' lang='lat' dir='ltr'><strong>ab</strong></span> <span class='ocrx_word' id='word_1_63' title='bbox 2378 1099 2711 1195; x_wconf 88' lang='lat' dir='ltr'><strong>opinione</strong></span> <span class='ocrx_word' id='word_1_64' title='bbox 2759 1098 2874 1174; x_wconf 86' lang='lat' dir='ltr'><strong>sua</strong></span> <span class='ocrx_word' id='word_1_65' title='bbox 2910 1100 3283 1177; x_wconf 85' lang='lat' dir='ltr'><strong>discedere.</strong></span> 
     </span>
    </p>

    <p class='ocr_par' dir='ltr' id='par_1_3' title="bbox 969 1189 3391 1754">
     <span class='ocr_line' id='line_1_9' title="bbox 1071 1189 3391 1294; baseline 0.001 -22"><span class='ocrx_word' id='word_1_66' title='bbox 1071 1199 1434 1294; x_wconf 85' lang='lat' dir='ltr'>Scriptum</span> <span class='ocrx_word' id='word_1_67' title='bbox 1471 1198 1512 1273; x_wconf 74' lang='grc' dir='ltr'>ὲ</span> <span class='ocrx_word' id='word_1_68' title='bbox 1547 1199 1762 1273; x_wconf 87' lang='lat' dir='ltr'><strong>vobis</strong></span> <span class='ocrx_word' id='word_1_69' title='bbox 1803 1219 2031 1292; x_wconf 86' lang='lat' dir='ltr'><strong>nuper</strong></span> <span class='ocrx_word' id='word_1_70' title='bbox 2066 1191 2334 1268; x_wconf 85' lang='lat' dir='ltr'><strong>missum</strong></span> <span class='ocrx_word' id='word_1_71' title='bbox 2368 1189 2700 1270; x_wconf 68' lang='lat' dir='ltr'><strong>hastenus</strong></span> <span class='ocrx_word' id='word_1_72' title='bbox 2749 1195 3179 1294; x_wconf 82' lang='lat' dir='ltr'><strong>suppressum</strong></span> <span class='ocrx_word' id='word_1_73' title='bbox 3218 1197 3391 1287; x_wconf 85' lang='lat' dir='ltr'><strong>fnit,</strong></span> 
     </span>
     <span class='ocr_line' id='line_1_10' title="bbox 969 1291 3389 1390; baseline 0.002 -24"><span class='ocrx_word' id='word_1_74' title='bbox 969 1291 1303 1383; x_wconf 74' lang='lat' dir='ltr'><strong>forsitan,</strong></span> <span class='ocrx_word' id='word_1_75' title='bbox 1357 1293 1552 1390; x_wconf 92' lang='lat' dir='ltr'><strong>quod</strong></span> <span class='ocrx_word' id='word_1_76' title='bbox 1614 1319 1735 1383; x_wconf 88' lang='lat' dir='ltr'><strong>ea,</strong></span> <span class='ocrx_word' id='word_1_77' title='bbox 1784 1317 1947 1390; x_wconf 87' lang='lat' dir='ltr'><strong>quae</strong></span> <span class='ocrx_word' id='word_1_78' title='bbox 2012 1291 2237 1388; x_wconf 80' lang='lat' dir='ltr'><strong>ipsum</strong></span> <span class='ocrx_word' id='word_1_79' title='bbox 2294 1293 2657 1378; x_wconf 88' lang='lat' dir='ltr'><strong>continet,</strong></span> <span class='ocrx_word' id='word_1_80' title='bbox 2704 1315 2847 1366; x_wconf 88' lang='lat' dir='ltr'><strong>non</strong></span> <span class='ocrx_word' id='word_1_81' title='bbox 2894 1295 3182 1368; x_wconf 86' lang='lat' dir='ltr'><strong>omnino</strong></span> <span class='ocrx_word' id='word_1_82' title='bbox 3214 1319 3389 1370; x_wconf 83' lang='lat' dir='ltr'><strong>cum</strong></span> 
     </span>
     <span class='ocr_line' id='line_1_11' title="bbox 969 1390 3387 1486; baseline 0 -22"><span class='ocrx_word' id='word_1_83' title='bbox 969 1391 1269 1466; x_wconf 89' lang='lat' dir='ltr'><strong>veritate</strong></span> <span class='ocrx_word' id='word_1_84' title='bbox 1307 1390 1755 1478; x_wconf 69' lang='lat' dir='ltr'><strong>consentiant.</strong></span> <span class='ocrx_word' id='word_1_85' title='bbox 1825 1391 2015 1464; x_wconf 87' lang='lat' dir='ltr'><strong>Nam</strong></span> <span class='ocrx_word' id='word_1_86' title='bbox 2059 1390 2148 1463; x_wconf 90' lang='lat' dir='ltr'><strong>de</strong></span> <span class='ocrx_word' id='word_1_87' title='bbox 2188 1390 2661 1484; x_wconf 85' lang='lat' dir='ltr'><strong>indulgentia,</strong></span> <span class='ocrx_word' id='word_1_88' title='bbox 2710 1391 3247 1486; x_wconf 84' lang='lat' dir='ltr'><strong>militariumque</strong></span> <span class='ocrx_word' id='word_1_89' title='bbox 3274 1395 3387 1466; x_wconf 88' lang='lat' dir='ltr'><strong>in-</strong></span> 
     </span>
     <span class='ocr_line' id='line_1_12' title="bbox 969 1483 3390 1582; baseline 0 -22"><span class='ocrx_word' id='word_1_90' title='bbox 969 1483 1418 1561; x_wconf 86' lang='lat' dir='ltr'><strong>solentiarum</strong></span> <span class='ocrx_word' id='word_1_91' title='bbox 1475 1489 1939 1574; x_wconf 86' lang='lat' dir='ltr'><strong>coercitione,</strong></span> <span class='ocrx_word' id='word_1_92' title='bbox 1990 1507 2077 1560; x_wconf 89' lang='lat' dir='ltr'><strong>ac</strong></span> <span class='ocrx_word' id='word_1_93' title='bbox 2124 1485 2271 1558; x_wconf 83' lang='lat' dir='ltr'><strong>aliis</strong></span> <span class='ocrx_word' id='word_1_94' title='bbox 2312 1485 2703 1572; x_wconf 79' lang='lat' dir='ltr'><strong>nonnullis,</strong></span> <span class='ocrx_word' id='word_1_95' title='bbox 2734 1508 2941 1578; x_wconf 89' lang='lat' dir='ltr'><strong>quam</strong></span> <span class='ocrx_word' id='word_1_96' title='bbox 2972 1508 3220 1582; x_wconf 82' lang='lat' dir='ltr'><strong>parurn</strong></span> <span class='ocrx_word' id='word_1_97' title='bbox 3254 1487 3390 1562; x_wconf 83' lang='lat' dir='ltr'><strong>fiat</strong></span> 
     </span>
     <span class='ocr_line' id='line_1_13' title="bbox 969 1579 3384 1670; baseline 0.002 -17"><span class='ocrx_word' id='word_1_98' title='bbox 969 1580 1254 1658; x_wconf 71' lang='lat' dir='ltr'><strong>forsitan</strong></span> <span class='ocrx_word' id='word_1_99' title='bbox 1294 1586 1577 1658; x_wconf 87' lang='lat' dir='ltr'><strong>aliunde</strong></span> <span class='ocrx_word' id='word_1_100' title='bbox 1607 1581 1706 1656; x_wconf 91' lang='lat' dir='ltr'><strong>D.</strong></span> <span class='ocrx_word' id='word_1_101' title='bbox 1743 1583 1834 1658; x_wconf 88' lang='lat' dir='ltr'><strong>V.</strong></span> <span class='ocrx_word' id='word_1_102' title='bbox 1876 1579 2282 1656; x_wconf 71' lang='lat' dir='ltr'><strong>intellexisse</strong></span> <span class='ocrx_word' id='word_1_103' title='bbox 2330 1579 2645 1653; x_wconf 87' lang='lat' dir='ltr'><strong>arbitror.</strong></span> <span class='ocrx_word' id='word_1_104' title='bbox 2744 1581 2935 1654; x_wconf 89' lang='lat' dir='ltr'><strong>Bene</strong></span> <span class='ocrx_word' id='word_1_105' title='bbox 2966 1587 3119 1656; x_wconf 82' lang='lat' dir='ltr'><strong>vale</strong></span> <span class='ocrx_word' id='word_1_106' title='bbox 3138 1633 3165 1670; x_wconf 88' lang='lat'>‚</span> <span class='ocrx_word' id='word_1_107' title='bbox 3218 1583 3384 1658; x_wconf 80' lang='lat' dir='ltr'><strong>CL.</strong></span> 
     </span>
     <span class='ocr_line' id='line_1_14' title="bbox 969 1673 3129 1754; baseline 0 -2"><span class='ocrx_word' id='word_1_108' title='bbox 969 1676 1069 1752; x_wconf 86' lang='lat' dir='ltr'><strong>D.</strong></span> <span class='ocrx_word' id='word_1_109' title='bbox 1105 1677 1576 1754; x_wconf 64' lang='lat' dir='ltr'><strong>Horruits.</strong></span> <span class='ocrx_word' id='word_1_110' title='bbox 1639 1679 2010 1753; x_wconf 79' lang='lat' dir='ltr'><strong>Bruxellae.</strong></span> <span class='ocrx_word' id='word_1_111' title='bbox 2060 1699 2177 1752; x_wconf 88' lang='lat'><strong>111.</strong></span> <span class='ocrx_word' id='word_1_112' title='bbox 2222 1673 2517 1752; x_wconf 71' lang='lat' dir='ltr'><strong>Ostobr.</strong></span> <span class='ocrx_word' id='word_1_113' title='bbox 2566 1697 2697 1754; x_wconf 75' lang='lat' dir='ltr'><strong>cro</strong></span> <span class='ocrx_word' id='word_1_114' title='bbox 2756 1697 2835 1752; x_wconf 79' lang='grc' dir='ltr'><strong>ιο</strong></span> <span class='ocrx_word' id='word_1_115' title='bbox 2882 1697 3129 1752; x_wconf 73' lang='lat' dir='ltr'><strong>Lxxu.</strong></span> 
     </span>
    </p>

    <p class='ocr_par' dir='ltr' id='par_1_4' title="bbox 847 1770 3399 2938">
     <span class='ocr_line' id='line_1_15' title="bbox 1075 1770 3379 1870; baseline 0.001 -21"><span class='ocrx_word' id='word_1_116' title='bbox 1075 1772 1528 1850; x_wconf 80' lang='lat' dir='ltr'><strong>Lovanienfis</strong></span> <span class='ocrx_word' id='word_1_117' title='bbox 1557 1775 1848 1849; x_wconf 87' lang='lat' dir='ltr'><strong>Senatus</strong></span> <span class='ocrx_word' id='word_1_118' title='bbox 1869 1825 1893 1863; x_wconf 91' lang='lat'><strong>,</strong></span> <span class='ocrx_word' id='word_1_119' title='bbox 1947 1770 2516 1870; x_wconf 75' lang='lat' dir='ltr'><strong>Univerfitasque</strong></span> <span class='ocrx_word' id='word_1_120' title='bbox 2546 1777 2634 1848; x_wconf 87' lang='lat' dir='ltr'><strong>ad</strong></span> <span class='ocrx_word' id='word_1_121' title='bbox 2670 1773 2949 1848; x_wconf 86' lang='lat' dir='ltr'><strong>Ducem</strong></span> <span class='ocrx_word' id='word_1_122' title='bbox 2985 1798 3147 1847; x_wconf 87' lang='lat' dir='ltr'><strong>cum</strong></span> <span class='ocrx_word' id='word_1_123' title='bbox 3180 1798 3379 1852; x_wconf 78' lang='lat' dir='ltr'><strong>exer·</strong></span> 
     </span>
     <span class='ocr_line' id='line_1_16' title="bbox 973 1868 3381 1966; baseline 0 -21"><span class='ocrx_word' id='word_1_124' title='bbox 973 1869 1124 1945; x_wconf 87' lang='lat' dir='ltr'><strong>citu</strong></span> <span class='ocrx_word' id='word_1_125' title='bbox 1161 1873 1306 1944; x_wconf 89' lang='lat' dir='ltr'><strong>huc</strong></span> <span class='ocrx_word' id='word_1_126' title='bbox 1363 1870 1963 1966; x_wconf 87' lang='lat' dir='ltr'><strong>Mechliniamque</strong></span> <span class='ocrx_word' id='word_1_127' title='bbox 1999 1869 2449 1956; x_wconf 87' lang='lat' dir='ltr'><strong>redeuntem,</strong></span> <span class='ocrx_word' id='word_1_128' title='bbox 2496 1871 2763 1964; x_wconf 82' lang='lat' dir='ltr'><strong>legatos</strong></span> <span class='ocrx_word' id='word_1_129' title='bbox 2794 1868 2951 1943; x_wconf 73' lang='lat' dir='ltr'><strong>suos</strong></span> <span class='ocrx_word' id='word_1_130' title='bbox 2986 1869 3227 1944; x_wconf 87' lang='lat' dir='ltr'><strong>misere</strong></span> <span class='ocrx_word' id='word_1_131' title='bbox 3257 1896 3381 1946; x_wconf 81' lang='lat' dir='ltr'><strong>ex·</strong></span> 
     </span>
     <span class='ocr_line' id='line_1_17' title="bbox 977 1963 3379 2064; baseline 0 -24"><span class='ocrx_word' id='word_1_132' title='bbox 977 1965 1284 2042; x_wconf 76' lang='lat' dir='ltr'><strong>casatum</strong></span> <span class='ocrx_word' id='word_1_133' title='bbox 1305 2017 1328 2051; x_wconf 91' lang='lat'>‚</span> <span class='ocrx_word' id='word_1_134' title='bbox 1350 1969 1941 2064; x_wconf 82' lang='lat' dir='ltr'><strong>deprecatumque</strong></span> <span class='ocrx_word' id='word_1_135' title='bbox 1982 1967 2256 2040; x_wconf 81' lang='lat' dir='ltr'><strong>veniam</strong></span> <span class='ocrx_word' id='word_1_136' title='bbox 2274 2018 2299 2052; x_wconf 93' lang='lat'><strong><em>,</em></strong></span> <span class='ocrx_word' id='word_1_137' title='bbox 2322 1963 2511 2062; x_wconf 89' lang='lat' dir='ltr'><strong>quod</strong></span> <span class='ocrx_word' id='word_1_138' title='bbox 2538 1969 2609 2040; x_wconf 83' lang='lat' dir='ltr'><strong>vi</strong></span> <span class='ocrx_word' id='word_1_139' title='bbox 2638 1965 3165 2062; x_wconf 79' lang='lat' dir='ltr'><strong>neceffitateque</strong></span> <span class='ocrx_word' id='word_1_140' title='bbox 3186 1991 3379 2042; x_wconf 84' lang='lat' dir='ltr'><strong>com·</strong></span> 
     </span>
     <span class='ocr_line' id='line_1_18' title="bbox 977 2059 3383 2161; baseline 0.002 -27"><span class='ocrx_word' id='word_1_141' title='bbox 977 2059 1162 2160; x_wconf 84' lang='lat' dir='ltr'><strong>pulsi</strong></span> <span class='ocrx_word' id='word_1_142' title='bbox 1221 2063 1621 2140; x_wconf 87' lang='lat' dir='ltr'><strong>Auraicenss</strong></span> <span class='ocrx_word' id='word_1_143' title='bbox 1667 2061 1812 2140; x_wconf 85' lang='lat' dir='ltr'><strong>sese</strong></span> <span class='ocrx_word' id='word_1_144' title='bbox 1862 2059 2329 2146; x_wconf 78' lang='lat' dir='ltr'><strong>submiserant.</strong></span> <span class='ocrx_word' id='word_1_145' title='bbox 2424 2059 2983 2161; x_wconf 25' lang='lat' dir='ltr'><strong>Nobis‘autem,</strong></span> <span class='ocrx_word' id='word_1_146' title='bbox 3028 2065 3199 2139; x_wconf 85' lang='lat' dir='ltr'><strong>licet</strong></span> <span class='ocrx_word' id='word_1_147' title='bbox 3298 2089 3383 2140; x_wconf 89' lang='lat' dir='ltr'><strong>ro</strong></span> 
     </span>
     <span class='ocr_line' id='line_1_19' title="bbox 850 2150 3379 2256; baseline 0 -22"><span class='ocrx_word' id='word_1_148' title='bbox 850 2243 860 2254; x_wconf 57' lang='grc'><strong><em>,</em></strong></span> <span class='ocrx_word' id='word_1_149' title='bbox 976 2162 1117 2234; x_wconf 89' lang='lat' dir='ltr'><strong>illis</strong></span> <span class='ocrx_word' id='word_1_150' title='bbox 1151 2159 1794 2248; x_wconf 69' lang='lat' dir='ltr'><strong>intercedentibus»,</strong></span> <span class='ocrx_word' id='word_1_151' title='bbox 1841 2183 1985 2233; x_wconf 91' lang='lat' dir='ltr'><strong>non</strong></span> <span class='ocrx_word' id='word_1_152' title='bbox 2022 2159 2211 2232; x_wconf 87' lang='lat' dir='ltr'><strong>aliud</strong></span> <span class='ocrx_word' id='word_1_153' title='bbox 2262 2150 2572 2254; x_wconf 67' lang='lat' dir='ltr'><strong>responsi</strong></span> <span class='ocrx_word' id='word_1_154' title='bbox 2600 2161 2940 2246; x_wconf 86' lang='lat' dir='ltr'><strong>retulere,</strong></span> <span class='ocrx_word' id='word_1_155' title='bbox 2990 2181 3199 2256; x_wconf 84' lang='lat' dir='ltr'><strong>quam</strong></span> <span class='ocrx_word' id='word_1_156' title='bbox 3296 2185 3379 2234; x_wconf 82' lang='lat' dir='ltr'><strong>x-</strong></span> 
     </span>
     <span class='ocr_line' id='line_1_20' title="bbox 977 2251 3385 2354; baseline 0.001 -25"><span class='ocrx_word' id='word_1_157' title='bbox 977 2256 1366 2329; x_wconf 87' lang='lat' dir='ltr'><strong>cellentiam</strong></span> <span class='ocrx_word' id='word_1_158' title='bbox 1395 2253 1585 2330; x_wconf 90' lang='lat' dir='ltr'><strong>suam</strong></span> <span class='ocrx_word' id='word_1_159' title='bbox 1621 2256 1710 2332; x_wconf 87' lang='lat' dir='ltr'><strong>de</strong></span> <span class='ocrx_word' id='word_1_160' title='bbox 1741 2278 1989 2334; x_wconf 85' lang='lat' dir='ltr'><strong>eorum</strong></span> <span class='ocrx_word' id='word_1_161' title='bbox 2025 2255 2357 2338; x_wconf 85' lang='lat' dir='ltr'><strong>veritate,</strong></span> <span class='ocrx_word' id='word_1_162' title='bbox 2406 2276 2564 2348; x_wconf 84' lang='lat' dir='ltr'><strong>quae</strong></span> <span class='ocrx_word' id='word_1_163' title='bbox 2593 2255 2783 2350; x_wconf 87' lang='lat' dir='ltr'><strong>gesta</strong></span> <span class='ocrx_word' id='word_1_164' title='bbox 2810 2251 3011 2351; x_wconf 33' lang='lat' dir='ltr'><strong>sunt,-</strong></span> <span class='ocrx_word' id='word_1_165' title='bbox 3058 2251 3191 2330; x_wconf 84' lang='lat' dir='ltr'><strong>sese</strong></span> <span class='ocrx_word' id='word_1_166' title='bbox 3234 2261 3385 2354; x_wconf 87' lang='lat' dir='ltr'><strong>ple·</strong></span> 
     </span>
     <span class='ocr_line' id='line_1_21' title="bbox 847 2349 3387 2444; baseline 0.002 -20"><span class='ocrx_word' id='word_1_167' title='bbox 847 2399 862 2410; x_wconf 85' lang='lat'>-</span> <span class='ocrx_word' id='word_1_168' title='bbox 983 2353 1141 2424; x_wconf 82' lang='lat' dir='ltr'><strong>nius</strong></span> <span class='ocrx_word' id='word_1_169' title='bbox 1186 2350 1707 2428; x_wconf 86' lang='lat' dir='ltr'><strong>informaturam</strong></span> <span class='ocrx_word' id='word_1_170' title='bbox 1729 2405 1752 2442; x_wconf 88' lang='lat'><strong>,</strong></span> <span class='ocrx_word' id='word_1_171' title='bbox 1801 2349 2155 2424; x_wconf 87' lang='lat' dir='ltr'><strong>destinatis</strong></span> <span class='ocrx_word' id='word_1_172' title='bbox 2200 2373 2287 2424; x_wconf 91' lang='lat' dir='ltr'><strong>eo</strong></span> <span class='ocrx_word' id='word_1_173' title='bbox 2322 2349 2590 2444; x_wconf 90' lang='lat' dir='ltr'><strong>aliquot</strong></span> <span class='ocrx_word' id='word_1_174' title='bbox 2636 2351 3045 2426; x_wconf 89' lang='lat' dir='ltr'><strong>cohortibus</strong></span> <span class='ocrx_word' id='word_1_175' title='bbox 3078 2371 3387 2428; x_wconf 84' lang='lat' dir='ltr'><strong>atrorum</strong></span> 
     </span>
     <span class='ocr_line' id='line_1_22' title="bbox 979 2445 3387 2542; baseline 0 -20"><span class='ocrx_word' id='word_1_176' title='bbox 979 2449 1296 2542; x_wconf 88' lang='lat' dir='ltr'><strong>equitum</strong></span> <span class='ocrx_word' id='word_1_177' title='bbox 1329 2499 1354 2533; x_wconf 89' lang='lat'><strong>,</strong></span> <span class='ocrx_word' id='word_1_178' title='bbox 1406 2450 1529 2542; x_wconf 91' lang='lat' dir='ltr'><strong>qui</strong></span> <span class='ocrx_word' id='word_1_179' title='bbox 1569 2451 1641 2522; x_wconf 91' lang='lat' dir='ltr'><strong>in</strong></span> <span class='ocrx_word' id='word_1_180' title='bbox 1691 2449 1935 2522; x_wconf 89' lang='lat' dir='ltr'><strong>urbem</strong></span> <span class='ocrx_word' id='word_1_181' title='bbox 1986 2445 2288 2534; x_wconf 87' lang='lat' dir='ltr'><strong>admiffi,</strong></span> <span class='ocrx_word' id='word_1_182' title='bbox 2340 2468 2593 2542; x_wconf 86' lang='lat' dir='ltr'><strong>magno</strong></span> <span class='ocrx_word' id='word_1_183' title='bbox 2629 2467 2895 2520; x_wconf 89' lang='lat' dir='ltr'><strong>terrore</strong></span> <span class='ocrx_word' id='word_1_184' title='bbox 2948 2471 3189 2522; x_wconf 81' lang='lat' dir='ltr'><strong>omnes</strong></span> <span class='ocrx_word' id='word_1_185' title='bbox 3220 2447 3387 2524; x_wconf 81' lang='lat' dir='ltr'><strong>affe-</strong></span> 
     </span>
     <span class='ocr_line' id='line_1_23' title="bbox 983 2541 3399 2642; baseline 0.001 -26"><span class='ocrx_word' id='word_1_186' title='bbox 983 2561 1286 2625; x_wconf 86' lang='lat' dir='ltr'><strong>cerunt,</strong></span> <span class='ocrx_word' id='word_1_187' title='bbox 1332 2541 1518 2617; x_wconf 90' lang='lat' dir='ltr'><strong>idem</strong></span> <span class='ocrx_word' id='word_1_188' title='bbox 1559 2545 1693 2618; x_wconf 84' lang='lat' dir='ltr'><strong>illis</strong></span> <span class='ocrx_word' id='word_1_189' title='bbox 1729 2543 2013 2631; x_wconf 85' lang='lat' dir='ltr'><strong>minati,</strong></span> <span class='ocrx_word' id='word_1_190' title='bbox 2064 2541 2255 2638; x_wconf 91' lang='lat' dir='ltr'><strong>quod</strong></span> <span class='ocrx_word' id='word_1_191' title='bbox 2310 2545 2495 2638; x_wconf 87' lang='lat' dir='ltr'><strong>apud</strong></span> <span class='ocrx_word' id='word_1_192' title='bbox 2539 2543 2992 2617; x_wconf 88' lang='lat' dir='ltr'><strong>Mechliniam</strong></span> <span class='ocrx_word' id='word_1_193' title='bbox 3040 2541 3399 2642; x_wconf 60' lang='lat' dir='ltr'><strong>Hispani,</strong></span> 
     </span>
     <span class='ocr_line' id='line_1_24' title="bbox 986 2636 3385 2735; baseline 0.003 -23"><span class='ocrx_word' id='word_1_194' title='bbox 986 2637 1412 2732; x_wconf 87' lang='lat' dir='ltr'><strong>Walonique</strong></span> <span class='ocrx_word' id='word_1_195' title='bbox 1442 2660 1867 2735; x_wconf 83' lang='lat' dir='ltr'><strong>perpetrant.</strong></span> <span class='ocrx_word' id='word_1_196' title='bbox 1966 2636 2237 2712; x_wconf 88' lang='lat' dir='ltr'><strong>Verum</strong></span> <span class='ocrx_word' id='word_1_197' title='bbox 2276 2660 2407 2730; x_wconf 68' lang='lat' dir='ltr'><strong>nos</strong></span> <span class='ocrx_word' id='word_1_198' title='bbox 2439 2639 2726 2724; x_wconf 79' lang='lat' dir='ltr'><strong>meliora</strong></span> <span class='ocrx_word' id='word_1_199' title='bbox 2768 2637 3161 2735; x_wconf 77' lang='lat' dir='ltr'><strong>speramus,</strong></span> <span class='ocrx_word' id='word_1_200' title='bbox 3220 2641 3385 2718; x_wconf 80' lang='lat' dir='ltr'><strong>licet</strong></span> 
     </span>
     <span class='ocr_line' id='line_1_25' title="bbox 985 2733 3391 2835; baseline 0.003 -28"><span class='ocrx_word' id='word_1_201' title='bbox 985 2733 1086 2807; x_wconf 82' lang='lat' dir='ltr'><strong>ob</strong></span> <span class='ocrx_word' id='word_1_202' title='bbox 1123 2755 1262 2807; x_wconf 89' lang='lat' dir='ltr'><strong>non</strong></span> <span class='ocrx_word' id='word_1_203' title='bbox 1293 2733 1704 2809; x_wconf 90' lang='lat' dir='ltr'><strong>solutionem</strong></span> <span class='ocrx_word' id='word_1_204' title='bbox 1758 2735 2300 2830; x_wconf 84' lang='lat' dir='ltr'><strong>stipendiorum,</strong></span> <span class='ocrx_word' id='word_1_205' title='bbox 2347 2733 2440 2812; x_wconf 84' lang='lat' dir='ltr'><strong>ad</strong></span> <span class='ocrx_word' id='word_1_206' title='bbox 2486 2739 2737 2835; x_wconf 84' lang='lat' dir='ltr'><strong>pejora</strong></span> <span class='ocrx_word' id='word_1_207' title='bbox 2781 2736 3067 2814; x_wconf 78' lang='lat' dir='ltr'><strong>consilia</strong></span> <span class='ocrx_word' id='word_1_208' title='bbox 3106 2735 3391 2816; x_wconf 82' lang='lat' dir='ltr'><strong>forfitan</strong></span> 
     </span>
     <span class='ocr_line' id='line_1_26' title="bbox 987 2829 2213 2938; baseline -0.006 -26"><span class='ocrx_word' id='word_1_209' title='bbox 987 2832 1457 2928; x_wconf 84' lang='lat' dir='ltr'><strong>impellentur.</strong></span> <span class='ocrx_word' id='word_1_210' title='bbox 1555 2829 1826 2938; x_wconf 81' lang='lat' dir='ltr'><strong>Datum</strong></span> <span class='ocrx_word' id='word_1_211' title='bbox 1876 2855 1955 2906; x_wconf 90' lang='lat' dir='ltr'><strong>ut</strong></span> <span class='ocrx_word' id='word_1_212' title='bbox 1982 2829 2213 2930; x_wconf 88' lang='lat' dir='ltr'><strong>supra.</strong></span> 
     </span>
    </p>
   </div>
   <div class='ocr_carea' id='block_1_3' title="bbox 1073 3058 3208 3226">
    <p class='ocr_par' dir='ltr' id='par_1_5' title="bbox 1073 3058 3208 3226">
     <span class='ocr_line' id='line_1_27' title="bbox 1073 3058 3208 3226; baseline 0.002 -56"><span class='ocrx_word' id='word_1_213' title='bbox 1073 3058 2223 3226; x_wconf 11' lang='lat' dir='ltr'><strong>‘Ep-‘ISTOLA‘</strong></span> <span class='ocrx_word' id='word_1_214' title='bbox 2338 3075 3208 3218; x_wconf 74' lang='lat' dir='ltr'><strong>chxxn.</strong></span> 
     </span>
    </p>
   </div>
   <div class='ocr_carea' id='block_1_4' title="bbox 995 3331 3402 4135">
    <p class='ocr_par' dir='ltr' id='par_1_6' title="bbox 995 3331 3402 4135">
     <span class='ocr_line' id='line_1_28' title="bbox 995 3331 3397 3447; baseline 0.001 -23"><span class='ocrx_word' id='word_1_215' title='bbox 995 3335 1146 3432; x_wconf 85' lang='lat' dir='ltr'><strong>De</strong></span> <span class='ocrx_word' id='word_1_216' title='bbox 1215 3331 1549 3423; x_wconf 76' lang='lat' dir='ltr'><strong>Dalana</strong></span> <span class='ocrx_word' id='word_1_217' title='bbox 1601 3333 1716 3428; x_wconf 58' lang='grc' dir='ltr'><strong>ἐφ’</strong></span> <span class='ocrx_word' id='word_1_218' title='bbox 1776 3333 2263 3447; x_wconf 78' lang='lat' dir='ltr'><strong>Lovam’enfi</strong></span> <span class='ocrx_word' id='word_1_219' title='bbox 2340 3333 3035 3445; x_wconf 75' lang='lat' dir='ltr'><strong>Univerfitatibus.</strong></span> <span class='ocrx_word' id='word_1_220' title='bbox 3124 3333 3397 3428; x_wconf 72' lang='lat' dir='ltr'><strong>Ham</strong></span> 
     </span>
     <span class='ocr_line' id='line_1_29' title="bbox 1111 3445 3392 3570; baseline 0.001 -34"><span class='ocrx_word' id='word_1_221' title='bbox 1111 3455 1356 3537; x_wconf 82' lang='lat' dir='ltr'><strong>anxie</strong></span> <span class='ocrx_word' id='word_1_222' title='bbox 1417 3445 1734 3562; x_wconf 79' lang='lat' dir='ltr'><strong>excusat</strong></span> <span class='ocrx_word' id='word_1_223' title='bbox 1789 3477 1842 3535; x_wconf 86' lang='grc' dir='ltr'><em>α</em></span> <span class='ocrx_word' id='word_1_224' title='bbox 1918 3449 2512 3566; x_wconf 71' lang='lat' dir='ltr'><strong>Capirulatiom}²</strong></span> <span class='ocrx_word' id='word_1_225' title='bbox 2564 3477 2741 3537; x_wconf 79' lang='lat' dir='ltr'><strong>cum</strong></span> <span class='ocrx_word' id='word_1_226' title='bbox 2782 3447 3173 3570; x_wconf 79' lang='lat' dir='ltr'><strong>Principe</strong></span> <span class='ocrx_word' id='word_1_227' title='bbox 3219 3452 3392 3542; x_wconf 87' lang='lat' dir='ltr'><strong>Au-</strong></span> 
     </span>
     <span class='ocr_line' id='line_1_30' title="bbox 1111 3559 3395 3684; baseline 0.001 -30"><span class='ocrx_word' id='word_1_228' title='bbox 1111 3561 1442 3672; x_wconf 81' lang='lat' dir='ltr'><strong>raicenst</strong></span> <span class='ocrx_word' id='word_1_229' title='bbox 1491 3567 1715 3648; x_wconf 79' lang='lat' dir='ltr'><strong>inita.</strong></span> <span class='ocrx_word' id='word_1_230' title='bbox 1827 3559 1985 3649; x_wconf 83' lang='lat' dir='ltr'><strong>Ex</strong></span> <span class='ocrx_word' id='word_1_231' title='bbox 2042 3570 2203 3650; x_wconf 75' lang='lat' dir='ltr'><strong>onir</strong></span> <span class='ocrx_word' id='word_1_232' title='bbox 2278 3561 2659 3675; x_wconf 78' lang='lat' dir='ltr'><strong>mifi’rum</strong></span> <span class='ocrx_word' id='word_1_233' title='bbox 2730 3562 3002 3684; x_wconf 74' lang='lat' dir='ltr'><strong>Belgit‘</strong></span> <span class='ocrx_word' id='word_1_234' title='bbox 3056 3562 3395 3674; x_wconf 71' lang='lat' dir='ltr'><strong>stat&#39;um.</strong></span> 
     </span>
     <span class='ocr_line' id='line_1_31' title="bbox 1125 3671 3391 3796; baseline 0 -29"><span class='ocrx_word' id='word_1_235' title='bbox 1125 3671 1264 3767; x_wconf 84' lang='lat' dir='ltr'><strong>Ur</strong></span> <span class='ocrx_word' id='word_1_236' title='bbox 1315 3698 1396 3765; x_wconf 79' lang='lat' dir='ltr'><strong>et</strong></span> <span class='ocrx_word' id='word_1_237' title='bbox 1448 3679 1560 3764; x_wconf 78' lang='lat' dir='ltr'><strong>mi</strong></span> <span class='ocrx_word' id='word_1_238' title='bbox 1615 3699 1866 3764; x_wconf 69' lang='lat' dir='ltr'><strong>ionem</strong></span> <span class='ocrx_word' id='word_1_239' title='bbox 1956 3683 2154 3766; x_wconf 47' lang='lat' dir='ltr'><strong>ubam</strong></span> <span class='ocrx_word' id='word_1_240' title='bbox 2194 3737 2221 3781; x_wconf 91' lang='lat'><strong>,</strong></span> <span class='ocrx_word' id='word_1_241' title='bbox 2300 3705 2545 3794; x_wconf 82' lang='lat' dir='ltr'><strong>quam</strong></span> <span class='ocrx_word' id='word_1_242' title='bbox 2601 3707 2655 3762; x_wconf 82' lang='lat' dir='ltr'><strong>a</strong></span> <span class='ocrx_word' id='word_1_243' title='bbox 2708 3679 3070 3794; x_wconf 65' lang='lat' dir='ltr'><strong>decennio</strong></span> <span class='ocrx_word' id='word_1_244' title='bbox 3128 3683 3391 3796; x_wconf 75' lang='lat' dir='ltr'><strong>petiit.</strong></span> 
     </span>
     <span class='ocr_line' id='line_1_32' title="bbox 1115 3785 3400 3906; baseline -0.002 -24"><span class='ocrx_word' id='word_1_245' title='bbox 1115 3788 1254 3882; x_wconf 76' lang='grc' dir='ltr'>Μ</span> <span class='ocrx_word' id='word_1_246' title='bbox 1273 3789 1378 3879; x_wconf 72' lang='lat' dir='ltr'><strong>Jil</strong></span> <span class='ocrx_word' id='word_1_247' title='bbox 1395 3787 1506 3904; x_wconf 83' lang='lat' dir='ltr'><strong>su</strong></span> <span class='ocrx_word' id='word_1_248' title='bbox 1607 3794 1990 3906; x_wconf 82' lang='lat' dir='ltr'><strong>regimine</strong></span> <span class='ocrx_word' id='word_1_249' title='bbox 2020 3786 2328 3879; x_wconf 82' lang='lat' dir='ltr'><strong>Albani</strong></span> <span class='ocrx_word' id='word_1_250' title='bbox 2360 3789 2544 3877; x_wconf 75' lang='lat' dir='ltr'><strong>bom·</strong></span> <span class='ocrx_word' id='word_1_251' title='bbox 2566 3785 3111 3906; x_wconf 72' lang='lat' dir='ltr'><strong>sperandum,</strong></span> <span class='ocrx_word' id='word_1_252' title='bbox 3164 3797 3400 3878; x_wconf 50' lang='lat' dir='ltr'><strong>mira*-</strong></span> 
     </span>
     <span class='ocr_line' id='line_1_33' title="bbox 1119 3901 3402 4022; baseline 0.002 -34"><span class='ocrx_word' id='word_1_253' title='bbox 1119 3921 1418 4018; x_wconf 78' lang='lat' dir='ltr'><strong>turque</strong></span> <span class='ocrx_word' id='word_1_254' title='bbox 1457 3901 1590 3994; x_wconf 86' lang='lat' dir='ltr'><strong>Re</strong></span> <span class='ocrx_word' id='word_1_255' title='bbox 1639 3931 1766 3994; x_wconf 85' lang='lat' dir='ltr'><strong>em</strong></span> <span class='ocrx_word' id='word_1_256' title='bbox 1823 3931 1975 3993; x_wconf 84' lang='lat' dir='ltr'><strong>non</strong></span> <span class='ocrx_word' id='word_1_257' title='bbox 2017 3912 2347 4019; x_wconf 75' lang='lat' dir='ltr'><strong>aperire</strong></span> <span class='ocrx_word' id='word_1_258' title='bbox 2402 3903 2679 3992; x_wconf 60' lang='lat' dir='ltr'><strong>Oculos.</strong></span> <span class='ocrx_word' id='word_1_259' title='bbox 2797 3903 3001 3997; x_wconf 79' lang='lat' dir='ltr'><strong>Non</strong></span> <span class='ocrx_word' id='word_1_260' title='bbox 3036 3904 3205 4018; x_wconf 78' lang='lat' dir='ltr'><strong>solt·</strong></span> <span class='ocrx_word' id='word_1_261' title='bbox 3230 3901 3402 4022; x_wconf 73' lang='lat' dir='ltr'><strong>,hae-</strong></span> 
     </span>
     <span class='ocr_line' id='line_1_34' title="bbox 1116 4015 3399 4135; baseline 0.001 -33"><span class='ocrx_word' id='word_1_262' title='bbox 1116 4015 1274 4120; x_wconf 72' lang='lat' dir='ltr'><strong>rest</strong></span> <span class='ocrx_word' id='word_1_263' title='bbox 1304 4017 1564 4132; x_wconf 76' lang='lat' dir='ltr'><strong>adseri</strong></span> <span class='ocrx_word' id='word_1_264' title='bbox 1657 4018 1905 4106; x_wconf 82' lang='lat' dir='ltr'><strong>ndum</strong></span> <span class='ocrx_word' id='word_1_265' title='bbox 1954 4017 2261 4107; x_wconf 84' lang='lat' dir='ltr'><strong>malum</strong></span> <span class='ocrx_word' id='word_1_266' title='bbox 2273 4047 2299 4122; x_wconf 74' lang='grc' dir='ltr'><strong><em>ς</em></strong></span> <span class='ocrx_word' id='word_1_267' title='bbox 2356 4019 2638 4120; x_wconf 64' lang='lat' dir='ltr'><strong>veniri,</strong></span> <span class='ocrx_word' id='word_1_268' title='bbox 2694 4045 2843 4106; x_wconf 85' lang='lat' dir='ltr'><strong>non</strong></span> <span class='ocrx_word' id='word_1_269' title='bbox 2876 4017 3143 4133; x_wconf 41' lang='lat' dir='ltr'><strong>rigore</strong></span> <span class='ocrx_word' id='word_1_270' title='bbox 3162 4046 3399 4135; x_wconf 77' lang='lat' dir='ltr'><strong>agen-</strong></span> 
     </span>
    </p>
   </div>
   <div class='ocr_carea' id='block_1_5' title="bbox 1070 4127 3405 4360">
    <p class='ocr_par' dir='ltr' id='par_1_7' title="bbox 1070 4127 3405 4360">
     <span class='ocr_line' id='line_1_35' title="bbox 1070 4127 3405 4360; baseline 0.009 -156"><span class='ocrx_word' id='word_1_271' title='bbox 1070 4201 1083 4208; x_wconf 57' lang='lat'>„</span> <span class='ocrx_word' id='word_1_272' title='bbox 1117 4127 1337 4228; x_wconf 78' lang='lat' dir='ltr'><strong>dum.</strong></span> <span class='ocrx_word' id='word_1_273' title='bbox 1451 4127 1598 4226; x_wconf 83' lang='lat' dir='ltr'><strong>De</strong></span> <span class='ocrx_word' id='word_1_274' title='bbox 1630 4127 1918 4225; x_wconf 85' lang='lat' dir='ltr'><strong>Remb.</strong></span> <span class='ocrx_word' id='word_1_275' title='bbox 1975 4127 2408 4226; x_wconf 74' lang='lat' dir='ltr'><strong>Dodotzaeo.</strong></span> <span class='ocrx_word' id='word_1_276' title='bbox 2524 4127 2691 4267; x_wconf 61' lang='lat' dir='ltr'><strong>Qe&#39;</strong></span> <span class='ocrx_word' id='word_1_277' title='bbox 2718 4130 3405 4360; x_wconf 50' lang='grc' dir='ltr'><strong>(ἶοαιῇωονξᾳῇἐςῖ</strong></span> 
     </span>
     <span class='ocr_line' id='line_1_36' title="bbox 1404 4265 3403 4337; baseline 0.016 -68"><span class='ocrx_word' id='word_1_278' title='bbox 1404 4279 1413 4286; x_wconf 56' lang='lat'>‚</span> <span class='ocrx_word' id='word_1_279' title='bbox 1687 4265 1706 4283; x_wconf 75' lang='lat'><em>,</em></span> <span class='ocrx_word' id='word_1_280' title='bbox 1906 4268 1917 4280; x_wconf 89' lang='lat'><strong>.</strong></span> <span class='ocrx_word' id='word_1_281' title='bbox 2444 4269 2660 4288; x_wconf 77' lang='grc'><strong>,.,..</strong></span> <span class='ocrx_word' id='word_1_282' title='bbox 3112 4270 3203 4336; x_wconf 63' lang='lat'><strong>7,</strong></span> <span class='ocrx_word' id='word_1_283' title='bbox 3302 4271 3403 4337; x_wconf 68' lang='lat' dir='ltr'><strong>m</strong></span> 
     </span>
    </p>
   </div>
  </div>
 </body>
</html>
