3700 4884
950 359 1124 452 810
1177 343 1660 449 VIGLH
1713 365 1848 436 AB
1909 341 2435 438 AYTTA
2488 335 3309 438 ZUICHEMI·
3378 308 3390 313 ’

944 570 1134 646 quot
1175 543 1322 644 jam'
1370 545 1566 620 annis
1615 541 1740 618 sub
1791 541 1967 616 Dno·
2018 562 2061 613 a
2112 539 2277 613 Bilii
2326 533 2819 632 Groningarn,
2885 538 3013 612 reli
3062 559 3219 612 uam
3268 560 3359 612 ue

951 643 1238 718 Frifiam
1267 668 1308 716 a
1331 639 1750 716 Geusiorum
1784 637 2041 712 insidiis
2070 687 2091 721 ,
2140 631 2745 730 invasionibusque
2778 637 2985 708 tutati
3042 652 3188 708 unt.
3284 659 3361 732 ιι·ι

955 742 1158 818 venis
1211 738 1370 812 sane
1405 738 1503 810 est
1559 739 1875 810 strenuus
1940 756 2021 807 ac
2080 733 2322 806 dexter
2347 784 2371 820 ,
2444 753 2669 826 eoque
2729 732 2949 825 magis
3022 729 3357 828 gratiosus

949 835 1146 932 apud
1181 832 1551 920 nostrates,
1603 834 1794 928 quod
1840 831 1959 906 hic
1992 852 2195 904 natus
2240 828 2382 916 est,
2431 830 2883 924 linguamque
2918 829 3359 904 vernaculam

955 933 1182 1030 probe
1221 951 1452 1015 tenet,
1497 929 1573 1008 &
1611 929 1679 1003 se
1711 929 2025 1003 moribus
2062 925 2307 1000 nostris
2356 923 2513 1000 satis
2556 923 3084 999 accommodare
3136 927 3357 998 novit.

955 1030 1293 1102 Mittetur
1321 1048 1552 1102 autem
1590 1048 1715 1120 per
1753 1023 1981 1122 ipsum
2027 1022 2285 1097 Bilium
2307 1071 2333 1109 ,
2382 1023 2827 1118 permittente
2869 1015 3360 1104 Gubernatore

959 1126 1198 1200 nostro
1223 1179 1245 1213 ‚
1309 1126 1394 1196 ad
1460 1123 1927 1196 sollicitandas
1984 1122 2217 1194 literas
2278 1117 2755 1194 commissionis
2818 1114 3021 1214 super
3074 1118 3358 1194 admini-⁴

953 1218 1284 1316 stratione
1338 1220 1406 1292 ei
1437 1243 1476 1292 a
1509 1218 1734 1312 Regia
1768 1217 2151 1313 Majestate
2182 1213 2301 1288 sua
2327 1214 2472 1312 jam
2506 1216 2780 1310 pridem
2824 1216 2897 1286 in
2938 1209 3001 1287 F
3002 1212 3155 1314 rifia
3192 1237 3359 1290 con·

956 1315 1178 1402 cess'a,
1222 1316 1432 1411 super
1478 1338 1614 1410 qua
1657 1335 1887 1388 tamen
1948 1314 2179 1385 nullos
2228 1313 2561 1386 haetenus
2619 1309 2987 1386 codicillos
3038 1313 3359 1409 accepit,

955 1411 1216 1507 quibus
1251 1411 1458 1486 fidem
1501 1410 2047 1506 provincialibus
2078 1407 2307 1481 faciat.
2409 1406 2629 1500 Quod
2660 1405 2928 1502 duplex
2966 1407 3030 1480 ei
3124 1429 3361 1484 encrat

953 1509 1515 1584 incommodum:
1569 1510 1760 1604 quod
1798 1503 2057 1582 tametsi
2100 1503 2245 1600 ipse
2281 1501 2614 1576 hastenus
2660 1503 2929 1576 strenue
2973 1527 3017 1576 o
3092 1507 3207 1580 cio
3236 1502 3359 1580 suo

958 1601 1044 1678 fit
1081 1604 1404 1691 functuS,
1452 1601 1770 1676 salarium
1817 1625 2049 1676 tamen
2079 1603 2339 1675 interea
2390 1597 2488 1671 D.
2539 1602 2627 1673 de
2663 1597 2849 1672 Hier
2894 1623 2967 1672 es
3014 1603 3213 1696 perci
3264 1604 3361 1697 it,

955 1705 1076 1775 cui
1111 1722 1316 1778 antea
1347 1723 1478 1796 per
1520 1699 1988 1796 provisionem
2022 1719 2063 1768 a
2108 1717 2329 1770 morte
2364 1693 2667 1782 Comitis
2712 1693 2799 1769 de
2844 1623 3166 1793 {neghen
3266 1699 3357 1772 ri-

957 1795 1076 1870 siae
1111 1799 1528 1894 gubernatio
1581 1791 1931 1888 commiss'a
1970 1789 2245 1879 fuerat,
2294 1816 2503 1887 quam
2538 1814 2773 1868 tamen
2824 1787 3158 1866 haetenus
3206 1817 3359 1868 non

953 1890 1096 1966 fuit
1127 1892 1496 1989 ingressus:
1549 1894 2139 1988 conqueriturque
2188 1889 2453 1976 Bilius,
2502 1910 2761 1984 praeter
2820 1886 3132 1964 laborem
3177 1892 3357 1965 nibil

953 1987 1081 2062 fibi
1113 1991 1433 2084 relinqui.
1529 1987 1808 2065 Deinde
1845 2010 2125 2084 quoque
2172 1983 2607 2062 refraetarios
2656 1981 2995 2082 quosdam
3032 1987 3265 2061 minus
3294 1989 3367 2066 ei

953 2087 1370 2174 obedientes
1421 2081 1593 2172 effe,
1663 2083 1859 2181 quod
1916 2107 2133 2181 penes
2190 2087 2481 2158 alterurn
2531 2081 3009 2156 auetoritatem
3058 2081 3359 2162 refidere

955 2182 1235 2272 dicant,
1285 2205 1494 2279 atque
1533 2205 1622 2257 ex
1675 2206 1756 2256 ea
1783 2179 2146 2257 occasione
2185 2181 2497 2254 nonnulli
2530 2178 2619 2254 ad
2654 2201 2875 2254 novas
2911 2201 3063 2266 res,
3110 2181 3358 2258 adver-

953 2275 1238 2375 samque
1273 2299 1538 2374 partem
1573 2275 1895 2374 propensi
1925 2327 1946 2362 ,
1997 2299 2243 2373 parum
2281 2272 2347 2348 se
2404 2277 2468 2347 ei
2505 2274 2967 2370 obsequentes
3014 2279 3361 2372 praebent.

955 2371 1060 2452 Et
1095 2379 1259 2450 licet
1295 2399 1454 2450 eum
1503 2375 1592 2446 de
1625 2377 1850 2470 patria
1888 2373 2115 2445 nostra
2152 2373 2417 2468 optime
2450 2372 2767 2446 meritum
2800 2367 3111 2459 constet,
3162 2371 3363 2450 Geu·
3466 2397 3481 2408 ‘

963 2468 1234 2565 flosque
1273 2473 1362 2556 ab
1399 2494 1488 2545 eo
1520 2493 1610 2542 ex
1669 2468 1889 2542 Frisia
1945 2471 2177 2542 nostra
2295 2462 2655 2562 rofligatos
2709 2461 2912 2542 fateri
2964 2467 3357 2565 cogantur,

951 2588 1114 2637 eum
1163 2587 1391 2638 tamen
1465 2564 1863 2661 scrupulum
1932 2563 2179 2639 contra
2240 2492 2489 2658 illegiae
2542 2561 2919 2637 Ma’estatis
2996 2563 3358 2642 decretum

953 2663 1239 2755 quidam
1289 2661 1668 2758 objiciunt,
1717 2662 1911 2767 quod
1946 2661 2389 2756 Portugallus
2436 2657 2533 2734 fit.
2703 2684 2744 2734 c
2774 2661 2861 2734 de
2896 2659 3000 2734 M.
3049 2661 3359 2739 Idzardo

951 2780 994 2830 a
1025 2755 1360 2850 Sickinga
1396 2757 1627 2831 nostro
1678 2758 1870 2855 (30)
1922 2759 2229 2852 graviter
2260 2757 2753 2850 conqueritur,
2804 2760 2996 2854 quod
3019 2761 3079 2832 is
3110 2762 3355 2835 adver·

946 2851 1275 2927 sariorum
1323 2852 1838 2948 antesignanum
1874 2852 1939 2926 se
1970 2855 2302 2950 praebeat.
2402 2853 2811 2964 Egregriam
2854 2853 3030 2930 vero
3065 2879 3354 2952 operam

947 2951 1138 3024 idem
1173 2947 1272 3022 D.
1323 2953 1411 3023 de
1443 2945 1606 3022 Bilii
1651 2951 1969 3046 praestat,
2030 2973 2169 3023 non
2214 2945 2433 3020 solum
2483 2971 2555 3020 in
2610 2949 3090 3046 propellendis
3146 2953 3355 3028 hosti-

949 3045 1084 3119 bus
1113 3099 1132 3132 ,
1181 3045 1424 3119 verum
1461 3048 1667 3119 etiam
1694 3101 1713 3134 ,
1764 3045 1921 3120 cum
1978 3045 2067 3116 ab
2108 3043 2679 3118 inundationibus
2716 3045 2916 3120 maris
2967 3051 3037 3121 in
3086 3047 3351 3126 summo

953 3141 1348 3215 discrimine
1415 3143 1783 3237 provincia
1843 3140 2069 3236 nostra
2131 3139 2395 3214 versata
2462 3147 2599 3238 iam
2666 3145 2935 3238 aliquot
3007 3145 3353 3224 menfibus

949 3235 1203 3320 fuerit,
1257 3237 1401 3333 ipse
1459 3239 1738 3312 tandem
1795 3238 2002 3323 forti,
2072 3240 2544 3333 prudentique
2614 3239 2903 3314 consilio
2966 3243 3352 3318 remedium

943 3334 1275 3421 adhibet,
1317 3331 1856 3429 coadunatisque
1889 3333 2209 3408 omnibus
2244 3337 2549 3422 rusticis,
2578 3333 3003 3431 ceterisque,
3056 3362 3351 3436 quorum

946 3427 1373 3524 possessiones
1419 3429 1682 3520 ibidem,
1715 3431 2239 3526 periclitantur,
2288 3431 2542 3526 eti-jam
2591 3434 3097 3528 reparationem
3146 3461 3185 3509 a
3286 3459 3349 3510 e·

947 3549 1102 3598 rum
1137 3527 1508 3620 perduxit,
1557 3547 1638 3598 ut
1669 3523 2101 3621 inposterum
2137 3525 2477 3600 absimili
2524 3529 2728 3600 maris
2772 3523 3018 3625 injuria
3065 3529 3189 3606 Fri
3216 3535 3345 3606 sam

948 3643 1170 3696 tutam
1211 3619 1364 3696 fore
1395 3619 1776 3715 speremus,
1801 3626 1889 3694 de
1920 3645 2065 3718 quo
2098 3624 2303 3718 plura
2362 3623 2423 3698 F
2428 3623 2845 3722 etdinandus
2892 3625 3157 3704 referre
3192 3651 3348 3725 pot-

943 3719 1119 3804 erit,
1205 3715 1250 3792 si
1298 3717 1382 3794 Ι).
1446 3715 1530 3790 V.
1581 3717 1822 3794 audire
1874 3718 2157 3794 iubebit.
2780 3721 2782 3723 ’
2890 3793 2893 3798 .

1041 3813 1280 3889 Habet
1312 3815 1386 3892 &
1423 3815 1609 3888 aliud
1651 3816 1720 3887 in
1761 3815 2139 3900 mandatis,
2192 3836 2269 3890 ut
2306 3811 2609 3914 ejusdem
2656 3817 2937 3891 nomine
2976 3817 3342 3907 sollicitet,

3198 3921 3341 4016 quo

1019 4113 1212 4210 (30).
1235 4113 1536 4186 Idzardus
1568 4141 1606 4185 α
1641 4119 1840 4188 Sickin
1876 4121 1967 4207 a]
2016 4122 2185 4190 Ideo
2216 4121 2439 4206 noster,
2480 4137 2559 4189 ut
2590 4125 2877 4210 opinor,
2920 4125 3081 4212 quia
3112 4123 3339 4205 Friso‚

935 4215 1057 4269 ant
1103 4216 1260 4289 quia
1289 4199 1740 4274 Confiliarius
1775 4225 1814 4276 e
1868 4219 1940 4272 et
1982 4206 2054 4270 in
2104 4205 2358 4274 Senatu
2404 4207 2651 4278 Frissae.
